%% This BibTeX bibliography file was created using BibDesk.
%% https://bibdesk.sourceforge.io/

%% Created for Georgios Sialounas at 2022-10-18 17:44:38 +0100 


%% Saved with string encoding Unicode (UTF-8) 



@article{eriksson1995adaptive,
	Author = {Eriksson, Kenneth and Johnson, Claes},
	Date-Added = {2022-10-18 17:44:15 +0100},
	Date-Modified = {2022-10-18 17:44:15 +0100},
	Journal = {SIAM Journal on Numerical Analysis},
	Number = {3},
	Pages = {706--740},
	Publisher = {SIAM},
	Title = {Adaptive finite element methods for parabolic problems II: Optimal error estimates in L\_∞L\_2 and L\_∞L\_∞},
	Volume = {32},
	Year = {1995}}

@article{discacciati2020controlling,
	Author = {Discacciati, Niccolo and Hesthaven, Jan S and Ray, Deep},
	Date-Added = {2022-06-08 21:22:27 +0100},
	Date-Modified = {2022-06-08 21:22:27 +0100},
	Journal = {Journal of Computational Physics},
	Pages = {109304},
	Publisher = {Elsevier},
	Title = {Controlling oscillations in high-order Discontinuous Galerkin schemes using artificial viscosity tuned by neural networks},
	Volume = {409},
	Year = {2020}}

@incollection{cnossen2005model,
	Author = {Cnossen, JM and Bijl, H and van Brummelen, EH},
	Booktitle = {Proceedings of the Finite Volumes for Complex Applications IV (Marrakech, Morocco, July 2005)},
	Date-Added = {2022-06-08 15:41:12 +0100},
	Date-Modified = {2022-06-08 15:41:12 +0100},
	Pages = {173--183},
	Publisher = {Wiley-ISTE},
	Title = {Model-error estimation for goal-oriented model adaptation in flow-simulations},
	Year = {2005}}

@article{agoshkov2006optimal,
	Author = {Agoshkov, Valery and Gervasio, Paola and Quarteroni, Alfio},
	Date-Added = {2022-06-08 15:40:38 +0100},
	Date-Modified = {2022-06-08 15:40:38 +0100},
	Journal = {Mediterranean Journal of Mathematics},
	Number = {2},
	Pages = {147--176},
	Publisher = {Springer},
	Title = {Optimal control in heterogeneous domain decomposition methods for advection-diffusion equations},
	Volume = {3},
	Year = {2006}}

@article{braack2004coupling,
	Author = {Braack, Malte and Ern, Alexandre},
	Date-Added = {2022-06-08 15:39:15 +0100},
	Date-Modified = {2022-06-08 15:39:15 +0100},
	Journal = {Combustion Theory and Modelling},
	Number = {4},
	Pages = {771},
	Publisher = {IOP Publishing},
	Title = {Coupling multimodelling with local mesh refinement for the numerical computation of laminar flames},
	Volume = {8},
	Year = {2004}}

@article{braack2003posteriori,
	Author = {Braack, Malte and Ern, Alexandre},
	Date-Added = {2022-06-08 15:38:35 +0100},
	Date-Modified = {2022-06-08 15:38:35 +0100},
	Journal = {Multiscale Modeling \& Simulation},
	Number = {2},
	Pages = {221--238},
	Publisher = {SIAM},
	Title = {A posteriori control of modeling errors and discretization errors},
	Volume = {1},
	Year = {2003}}

@book{huang2010adaptive,
	Author = {Huang, Weizhang and Russell, Robert D},
	Date-Added = {2022-06-08 13:16:49 +0100},
	Date-Modified = {2022-06-08 13:16:49 +0100},
	Publisher = {Springer Science \& Business Media},
	Title = {Adaptive moving mesh methods},
	Volume = {174},
	Year = {2010}}

@article{piggott2005h,
	Author = {Piggott, MD and Pain, CC and Gorman, GJ and Power, PW and Goddard, AJH},
	Date-Added = {2022-06-08 13:14:56 +0100},
	Date-Modified = {2022-06-08 13:14:56 +0100},
	Journal = {Ocean modelling},
	Number = {1-2},
	Pages = {95--113},
	Publisher = {Elsevier},
	Title = {h, r, and hr adaptivity with applications in numerical ocean modelling},
	Volume = {10},
	Year = {2005}}

@article{book1975flux,
	Author = {Book, David L and Boris, Jay P and Hain, K},
	Date-Added = {2022-06-08 11:20:17 +0100},
	Date-Modified = {2022-06-08 11:20:17 +0100},
	Journal = {Journal of Computational Physics},
	Number = {3},
	Pages = {248--283},
	Publisher = {Elsevier},
	Title = {Flux-corrected transport II: Generalizations of the method},
	Volume = {18},
	Year = {1975}}

@article{boris1997flux,
	Author = {Boris, Jay P and Book, David L},
	Date-Added = {2022-06-08 11:19:46 +0100},
	Date-Modified = {2022-06-08 11:19:46 +0100},
	Journal = {Journal of computational physics},
	Number = {2},
	Pages = {172--186},
	Publisher = {Elsevier},
	Title = {Flux-corrected transport},
	Volume = {135},
	Year = {1997}}

@article{yoshida1990construction,
	Author = {Yoshida, Haruo},
	Date-Added = {2022-06-06 13:56:04 +0100},
	Date-Modified = {2022-06-06 13:56:04 +0100},
	Journal = {Physics letters A},
	Number = {5-7},
	Pages = {262--268},
	Publisher = {Elsevier},
	Title = {Construction of higher order symplectic integrators},
	Volume = {150},
	Year = {1990}}

@article{eriksson1991adaptive,
	Author = {Eriksson, Kenneth and Johnson, Claes},
	Date-Added = {2022-06-01 09:19:41 +0100},
	Date-Modified = {2022-06-01 09:19:41 +0100},
	Journal = {SIAM Journal on Numerical Analysis},
	Number = {1},
	Pages = {43--77},
	Publisher = {SIAM},
	Title = {Adaptive finite element methods for parabolic problems I: A linear model problem},
	Volume = {28},
	Year = {1991}}

@article{delestre2013swashes,
	Author = {Delestre, Olivier and Lucas, Carine and Ksinant, Pierre-Antoine and Darboux, Fr{\'e}d{\'e}ric and Laguerre, Christian and Vo, T-N-Tuoi and James, Francois and Cordier, St{\'e}phane},
	Date-Added = {2022-05-31 23:46:12 +0100},
	Date-Modified = {2022-05-31 23:46:12 +0100},
	Journal = {International Journal for Numerical Methods in Fluids},
	Number = {3},
	Pages = {269--300},
	Publisher = {Wiley Online Library},
	Title = {SWASHES: a compilation of shallow water analytic solutions for hydraulic and environmental studies},
	Volume = {72},
	Year = {2013}}

@article{cockburn1998priori,
	Author = {Cockburn, Bernardo and Gremaud, Pierre-Alain and Yang, Jimmy Xiangrong},
	Date-Added = {2022-05-23 18:30:58 +0100},
	Date-Modified = {2022-05-23 18:30:58 +0100},
	Journal = {SIAM journal on numerical analysis},
	Number = {5},
	Pages = {1775--1803},
	Publisher = {SIAM},
	Title = {A priori error estimates for numerical methods for scalar conservation laws Part III: Multidimensional flux-splitting monotone schemes on non-Cartesian grids},
	Volume = {35},
	Year = {1998}}

@article{cockburn1997priori,
	Author = {Cockburn, Bernardo and Gremaud, Pierre-Alain},
	Date-Added = {2022-05-23 18:30:30 +0100},
	Date-Modified = {2022-05-23 18:30:30 +0100},
	Journal = {Mathematics of computation},
	Number = {218},
	Pages = {547--572},
	Title = {A priori error estimates for numerical methods for scalar conservation laws. Part II: Flux-splitting monotone schemes on irregular Cartesian grids},
	Volume = {66},
	Year = {1997}}

@article{cockburn1996priori,
	Author = {Cockburn, Bernardo and Gremaud, Pierre-Alain},
	Date-Added = {2022-05-23 18:30:18 +0100},
	Date-Modified = {2022-05-23 18:30:18 +0100},
	Journal = {Mathematics of computation},
	Number = {214},
	Pages = {533--573},
	Title = {A priori error estimates for numerical methods for scalar conservation laws. Part I: The general approach},
	Volume = {65},
	Year = {1996}}

@article{vila1994convergence,
	Author = {Vila, J-P},
	Date-Added = {2022-05-23 18:17:12 +0100},
	Date-Modified = {2022-05-23 18:17:12 +0100},
	Journal = {ESAIM: Mathematical Modelling and Numerical Analysis},
	Number = {3},
	Pages = {267--295},
	Publisher = {EDP Sciences},
	Title = {Convergence and error estimates in finite volume schemes for general multidimensional scalar conservation laws. I. Explicite monotone schemes},
	Volume = {28},
	Year = {1994}}

@article{serre2016relative,
	Author = {Serre, Denis and Vasseur, Alexis F},
	Date-Added = {2022-05-19 20:11:22 +0100},
	Date-Modified = {2022-05-19 20:11:22 +0100},
	Journal = {Contemp. Math. AMS},
	Pages = {237--248},
	Title = {About the relative entropy method for hyperbolic systems of conservation laws},
	Volume = {658},
	Year = {2016}}

@article{dafermos1979stability,
	Author = {Dafermos, Constantine M},
	Date-Added = {2022-05-19 15:55:01 +0100},
	Date-Modified = {2022-05-19 15:55:01 +0100},
	Journal = {Journal of Thermal Stresses},
	Number = {1},
	Pages = {127--134},
	Publisher = {Taylor \& Francis},
	Title = {Stability of motions of thermoelastic fluids},
	Volume = {2},
	Year = {1979}}

@article{diperna1979uniqueness,
	Author = {DiPerna, Ronald J},
	Date-Added = {2022-05-19 15:27:50 +0100},
	Date-Modified = {2022-05-19 15:27:50 +0100},
	Journal = {Indiana University Mathematics Journal},
	Number = {1},
	Pages = {137--188},
	Publisher = {JSTOR},
	Title = {Uniqueness of solutions to hyperbolic conservation laws},
	Volume = {28},
	Year = {1979}}

@techreport{dafermos1978second,
	Author = {Dafermos, Constantine M},
	Date-Added = {2022-05-19 15:27:19 +0100},
	Date-Modified = {2022-05-19 15:27:19 +0100},
	Institution = {BROWN UNIV PROVIDENCE RI LEFSCHETZ CENTER FOR DYNAMICAL SYSTEMS},
	Title = {The second law of thermodynamics and stability},
	Year = {1978}}

@article{dedner2016posteriori,
	Author = {Dedner, Andreas and Giesselmann, Jan},
	Date-Added = {2022-05-19 12:30:00 +0100},
	Date-Modified = {2022-05-19 12:30:00 +0100},
	Journal = {SIAM Journal on Numerical Analysis},
	Number = {6},
	Pages = {3523--3549},
	Publisher = {SIAM},
	Title = {A posteriori analysis of fully discrete method of lines discontinuous Galerkin schemes for systems of conservation laws},
	Volume = {54},
	Year = {2016}}

@incollection{laforest2008posteriori,
	Author = {Laforest, M},
	Booktitle = {Hyperbolic problems: theory, numerics, applications},
	Date-Added = {2022-05-18 18:49:45 +0100},
	Date-Modified = {2022-05-18 18:49:45 +0100},
	Pages = {643--651},
	Publisher = {Springer},
	Title = {An a posteriori error estimate for Glimm's scheme},
	Year = {2008}}

@article{laforest2004posteriori,
	Author = {Laforest, Marc},
	Date-Added = {2022-05-18 18:08:03 +0100},
	Date-Modified = {2022-05-18 18:08:03 +0100},
	Journal = {SIAM journal on mathematical analysis},
	Number = {5},
	Pages = {1347--1370},
	Publisher = {SIAM},
	Title = {A posteriori error estimate for front-tracking: systems of conservation laws},
	Volume = {35},
	Year = {2004}}

@incollection{cockburn1999simple,
	Author = {Cockburn, Bernardo},
	Booktitle = {The Graduate Student's Guide to Numerical Analysis' 98},
	Date-Added = {2022-05-18 16:37:19 +0100},
	Date-Modified = {2022-05-18 16:37:19 +0100},
	Pages = {1--45},
	Publisher = {Springer},
	Title = {A simple introduction to error estimation for nonlinear hyperbolic conservation laws},
	Year = {1999}}

@article{chainais1999finite,
	Author = {Chainais-Hillairet, Claire},
	Date-Added = {2022-05-18 11:35:17 +0100},
	Date-Modified = {2022-05-18 11:35:17 +0100},
	Journal = {ESAIM: Mathematical Modelling and Numerical Analysis},
	Number = {1},
	Pages = {129--156},
	Publisher = {EDP Sciences},
	Title = {Finite volume schemes for a nonlinear hyperbolic equation. Convergence towards the entropy solution and error estimate},
	Volume = {33},
	Year = {1999}}

@article{kroner2000posteriori,
	Author = {Kr{\"o}ner, Dietmar and Ohlberger, Mario},
	Date-Added = {2022-05-18 11:22:39 +0100},
	Date-Modified = {2022-05-18 11:22:39 +0100},
	Journal = {Mathematics of Computation},
	Number = {229},
	Pages = {25--39},
	Title = {A posteriori error estimates for upwind finite volume schemes for nonlinear conservation laws in multi dimensions},
	Volume = {69},
	Year = {2000}}

@incollection{suli1999posteriori,
	Author = {S{\"u}li, Endre},
	Booktitle = {An introduction to recent developments in theory and numerics for conservation laws},
	Date-Added = {2022-05-17 19:39:43 +0100},
	Date-Modified = {2022-05-17 19:39:43 +0100},
	Pages = {123--194},
	Publisher = {Springer},
	Title = {A posteriori error analysis and adaptivity for finite element approximations of hyperbolic problems},
	Year = {1999}}

@article{hartmann2003adaptive,
	Author = {Hartmann, Ralf and Houston, Paul},
	Date-Added = {2022-05-17 18:25:23 +0100},
	Date-Modified = {2022-05-17 18:25:23 +0100},
	Journal = {SIAM Journal on Scientific Computing},
	Number = {3},
	Pages = {979--1004},
	Publisher = {SIAM},
	Title = {Adaptive discontinuous Galerkin finite element methods for nonlinear hyperbolic conservation laws},
	Volume = {24},
	Year = {2003}}

@article{boris1973flux,
	Author = {Boris, Jay P and Book, David L},
	Date-Added = {2022-05-16 14:40:38 +0100},
	Date-Modified = {2022-05-16 14:40:38 +0100},
	Journal = {Journal of computational physics},
	Number = {1},
	Pages = {38--69},
	Publisher = {Elsevier},
	Title = {Flux-corrected transport. I. SHASTA, a fluid transport algorithm that works},
	Volume = {11},
	Year = {1973}}

@book{hesthaven2017numerical,
	Author = {Hesthaven, Jan S},
	Date-Added = {2022-05-15 13:50:32 +0100},
	Date-Modified = {2022-05-15 13:50:32 +0100},
	Publisher = {SIAM},
	Title = {Numerical methods for conservation laws: From analysis to algorithms},
	Year = {2017}}

@book{hesthaven2007nodal,
	Author = {Hesthaven, Jan S and Warburton, Tim},
	Date-Added = {2022-05-13 20:55:37 +0100},
	Date-Modified = {2022-05-13 20:55:37 +0100},
	Publisher = {Springer Science \& Business Media},
	Title = {Nodal discontinuous Galerkin methods: algorithms, analysis, and applications},
	Year = {2007}}

@book{cockburn2012discontinuous,
	Author = {Cockburn, Bernardo and Karniadakis, George E and Shu, Chi-Wang},
	Date-Added = {2022-05-13 20:51:52 +0100},
	Date-Modified = {2022-05-13 20:51:52 +0100},
	Publisher = {Springer Science \& Business Media},
	Title = {Discontinuous Galerkin methods: theory, computation and applications},
	Volume = {11},
	Year = {2012}}

@article{oleinik1957discontinuous,
	Author = {Oleinik, Olga Arsen'evna},
	Date-Added = {2022-05-10 12:22:17 +0100},
	Date-Modified = {2022-05-10 12:22:17 +0100},
	Journal = {Uspekhi Matematicheskikh Nauk},
	Number = {3},
	Pages = {3--73},
	Publisher = {Russian Academy of Sciences, Steklov Mathematical Institute of Russian~{\ldots}},
	Title = {Discontinuous solutions of non-linear differential equations},
	Volume = {12},
	Year = {1957}}

@article{ohlberger2006error,
	Author = {Ohlberger, Mario and Vovelle, Julien},
	Date-Added = {2022-05-04 19:17:45 +0100},
	Date-Modified = {2022-05-04 19:17:45 +0100},
	Journal = {Mathematics of Computation},
	Number = {253},
	Pages = {113--150},
	Title = {Error estimate for the approximation of nonlinear conservation laws on bounded domains by the finite volume method},
	Volume = {75},
	Year = {2006}}

@inproceedings{johnson1993new,
	Author = {Johnson, Claes},
	Booktitle = {Proceedings of MAFELAP},
	Date-Added = {2022-04-25 13:34:15 +0100},
	Date-Modified = {2022-04-25 13:34:15 +0100},
	Title = {A new paradigm for adaptive finite element methods},
	Volume = {93},
	Year = {1993}}

@article{achchab2000posteriori,
	Author = {Achchab, B and Agouzal, A and Baranger, J and Maitre, JF},
	Date-Added = {2022-04-25 11:59:47 +0100},
	Date-Modified = {2022-04-25 11:59:47 +0100},
	Journal = {Computer methods in applied mechanics and engineering},
	Number = {1},
	Pages = {39--47},
	Publisher = {Elsevier},
	Title = {A posteriori error estimates in finite element methods for general Friedrichs' systems},
	Volume = {184},
	Year = {2000}}

@incollection{sweby1989tvd,
	Author = {Sweby, Peter K},
	Booktitle = {Nonlinear Hyperbolic Equations---Theory, Computation Methods, and Applications},
	Date-Added = {2022-04-22 14:31:42 +0100},
	Date-Modified = {2022-04-22 14:31:42 +0100},
	Pages = {599--607},
	Publisher = {Springer},
	Title = {``TVD'' Schemes for Inhomogeneous Conservation Laws},
	Year = {1989}}

@book{cockburn2006advanced,
	Author = {Cockburn, Bernardo and Johnson, Claes and Shu, C-W and Tadmor, Eitan},
	Date-Added = {2022-04-22 14:29:06 +0100},
	Date-Modified = {2022-04-22 14:29:06 +0100},
	Publisher = {Springer},
	Title = {Advanced numerical approximation of nonlinear hyperbolic equations: lectures given at the 2nd session of the Centro Internazionale Matematico Estivo (CIME) held in Cetraro, Italy, June 23-28, 1997},
	Year = {2006}}

@article{houston1999posteriori,
	Author = {Houston, Paul and Mackenzie, John A and S{\"u}li, Endre and Warnecke, Gerald},
	Date-Added = {2022-04-21 12:27:56 +0100},
	Date-Modified = {2022-04-21 12:27:56 +0100},
	Journal = {Numerische Mathematik},
	Number = {3},
	Pages = {433--470},
	Publisher = {Springer},
	Title = {A posteriori error analysis for numerical approximations of Friedrichs systems},
	Volume = {82},
	Year = {1999}}

@article{lax1960local,
	Author = {Lax, Peter D and Phillips, Ralph S},
	Date-Added = {2022-04-21 12:12:12 +0100},
	Date-Modified = {2022-04-21 12:12:12 +0100},
	Journal = {Communications on Pure and Applied Mathematics},
	Number = {3},
	Pages = {427--455},
	Publisher = {Citeseer},
	Title = {Local boundary conditions for dissipative symmetric linear differential operators},
	Volume = {13},
	Year = {1960}}

@article{friedrichs1958symmetric,
	Author = {Friedrichs, Kurt Otto},
	Date-Added = {2022-04-21 12:06:06 +0100},
	Date-Modified = {2022-04-21 12:06:06 +0100},
	Journal = {Communications on Pure and Applied Mathematics},
	Number = {3},
	Pages = {333--418},
	Publisher = {Wiley Online Library},
	Title = {Symmetric positive linear differential equations},
	Volume = {11},
	Year = {1958}}

@article{warnecke1995second,
	Author = {Warnecke, G and others},
	Date-Added = {2022-04-21 11:01:25 +0100},
	Date-Modified = {2022-04-21 11:01:25 +0100},
	Journal = {Numerische Mathematik},
	Number = {2},
	Pages = {129--161},
	Publisher = {Springer},
	Title = {A second order finite difference error indicator for adaptive transonic flow computations},
	Volume = {70},
	Year = {1995}}

@book{leveque2007finite,
	Author = {LeVeque, Randall J},
	Date-Added = {2022-04-20 19:26:28 +0100},
	Date-Modified = {2022-04-20 19:26:28 +0100},
	Publisher = {SIAM},
	Title = {Finite difference methods for ordinary and partial differential equations: steady-state and time-dependent problems},
	Year = {2007}}

@incollection{suli2003adaptive,
	Author = {S{\"u}li, Endre and Houston, Paul},
	Booktitle = {Error estimation and adaptive discretization methods in computational fluid dynamics},
	Date-Added = {2022-04-20 19:03:56 +0100},
	Date-Modified = {2022-04-20 19:03:56 +0100},
	Pages = {269--344},
	Publisher = {Springer},
	Title = {Adaptive finite element approximation of hyperbolic problems},
	Year = {2003}}

@article{nishiguchi2019full,
	Author = {Nishiguchi, Koji and Bale, Rahul and Okazawa, Shigenobu and Tsubokura, Makoto},
	Date-Added = {2022-03-28 18:34:56 +0100},
	Date-Modified = {2022-03-28 18:34:56 +0100},
	Journal = {International Journal for Numerical Methods in Engineering},
	Number = {2},
	Pages = {221--248},
	Publisher = {Wiley Online Library},
	Title = {Full Eulerian deformable solid-fluid interaction scheme based on building-cube method for large-scale parallel computing},
	Volume = {117},
	Year = {2019}}

@article{li2019simulating,
	Author = {Li, Cheng and Chen, Xi},
	Date-Added = {2022-03-28 18:33:01 +0100},
	Date-Modified = {2022-03-28 18:33:01 +0100},
	Journal = {The Astrophysical Journal Supplement Series},
	Number = {2},
	Pages = {37},
	Publisher = {IOP Publishing},
	Title = {Simulating Nonhydrostatic Atmospheres on Planets (SNAP): Formulation, validation, and application to the Jovian atmosphere},
	Volume = {240},
	Year = {2019}}

@article{freret2019high,
	Author = {Freret, L and Ivan, Lucian and De Sterck, Hans and Groth, Clinton PT},
	Date-Added = {2022-03-28 18:31:10 +0100},
	Date-Modified = {2022-03-28 18:31:10 +0100},
	Journal = {Journal of Scientific Computing},
	Number = {1},
	Pages = {176--208},
	Publisher = {Springer},
	Title = {High-order finite-volume method with block-based AMR for magnetohydrodynamics flows},
	Volume = {79},
	Year = {2019}}

@article{lipanov2019numerical,
	Author = {Lipanov, AM and Rusyak, IG and Korolev, SA and Karskanov, SA},
	Date-Added = {2022-03-28 18:30:12 +0100},
	Date-Modified = {2022-03-28 18:30:12 +0100},
	Journal = {Journal of Engineering Physics and Thermophysics},
	Number = {2},
	Pages = {477--485},
	Publisher = {Springer},
	Title = {Numerical solution of the problem of flow past projected bodies for determining their aerodynamic coefficients},
	Volume = {92},
	Year = {2019}}

@article{wang2013high,
	Author = {Wang, Cheng and Shu, Chi-Wang and Han, Wenhu and Ning, Jianguo},
	Date-Added = {2022-03-28 18:18:05 +0100},
	Date-Modified = {2022-03-28 18:18:05 +0100},
	Journal = {Combustion and Flame},
	Number = {2},
	Pages = {447--462},
	Publisher = {Elsevier},
	Title = {High resolution WENO simulation of 3D detonation waves},
	Volume = {160},
	Year = {2013}}

@article{chen2019numerical,
	Author = {Chen, S and Sun, Q and Klioutchnikov, I and Olivier, H},
	Date-Added = {2022-03-28 18:17:12 +0100},
	Date-Modified = {2022-03-28 18:17:12 +0100},
	Journal = {Computers \& Fluids},
	Pages = {107--118},
	Publisher = {Elsevier},
	Title = {Numerical study of chemically reacting flow in a shock tube using a high-order point-implicit scheme},
	Volume = {184},
	Year = {2019}}

@article{ou2019effects,
	Author = {Ou, Junfeng and Zhai, Zhigang},
	Date-Added = {2022-03-28 18:15:12 +0100},
	Date-Modified = {2022-03-28 18:15:12 +0100},
	Journal = {Acta Mechanica Sinica},
	Number = {1},
	Pages = {61--69},
	Publisher = {Springer},
	Title = {Effects of aspect ratio on shock-cylinder interaction},
	Volume = {35},
	Year = {2019}}

@article{shahmardi2019turbulent,
	Author = {Shahmardi, Armin and Zade, Sagar and Ardekani, Mehdi N and Poole, Rob J and Lundell, Fredrik and Rosti, Marco E and Brandt, Luca},
	Date-Added = {2022-03-28 18:11:59 +0100},
	Date-Modified = {2022-03-28 18:11:59 +0100},
	Journal = {Journal of Fluid Mechanics},
	Pages = {1057--1083},
	Publisher = {Cambridge University Press},
	Title = {Turbulent duct flow with polymers},
	Volume = {859},
	Year = {2019}}

@article{rogerson1990numerical,
	Author = {Rogerson, AM and Meiburg, E},
	Date-Added = {2022-03-28 13:15:12 +0100},
	Date-Modified = {2022-03-28 13:15:12 +0100},
	Journal = {Journal of Scientific Computing},
	Number = {2},
	Pages = {151--167},
	Publisher = {Springer},
	Title = {A numerical study of the convergence properties of ENO schemes},
	Volume = {5},
	Year = {1990}}

@article{houston2000posteriori,
	Author = {Houston, Paul and Rannacher, Rolf and S{\"u}li, Endre},
	Date-Added = {2022-03-14 16:08:32 +0000},
	Date-Modified = {2022-03-14 16:08:32 +0000},
	Journal = {Computer methods in applied mechanics and engineering},
	Number = {11-12},
	Pages = {1483--1508},
	Publisher = {Elsevier},
	Title = {A posteriori error analysis for stabilised finite element approximations of transport problems},
	Volume = {190},
	Year = {2000}}

@article{bey1996hp,
	Author = {Bey, Kim S and Oden, J Tinsley},
	Date-Added = {2022-03-14 15:55:41 +0000},
	Date-Modified = {2022-03-14 15:55:41 +0000},
	Journal = {Computer Methods in Applied Mechanics and Engineering},
	Number = {3-4},
	Pages = {259--286},
	Publisher = {Elsevier},
	Title = {hp-version discontinuous Galerkin methods for hyperbolic conservation laws},
	Volume = {133},
	Year = {1996}}

@article{houston2001hp,
	Author = {Houston, Paul and S{\"u}li, Endre},
	Date-Added = {2022-03-14 11:13:50 +0000},
	Date-Modified = {2022-03-14 11:13:50 +0000},
	Journal = {SIAM Journal on Scientific Computing},
	Number = {4},
	Pages = {1226--1252},
	Publisher = {SIAM},
	Title = {hp-adaptive discontinuous Galerkin finite element methods for first-order hyperbolic problems},
	Volume = {23},
	Year = {2001}}

@article{bergam2005posteriori,
	Author = {Bergam, Amal and Bernardi, Christine and Mghazli, Zoubida},
	Date-Added = {2022-03-14 11:01:46 +0000},
	Date-Modified = {2022-03-14 11:01:46 +0000},
	Journal = {Mathematics of computation},
	Number = {251},
	Pages = {1117--1138},
	Title = {A posteriori analysis of the finite element discretization of some parabolic equations},
	Volume = {74},
	Year = {2005}}

@article{suli1996finite,
	Author = {Suli, Endre and Houston, Paul},
	Date-Added = {2022-03-12 13:54:03 +0000},
	Date-Modified = {2022-03-12 13:54:03 +0000},
	Title = {Finite element methods for hyperbolic problems: a posteriori error analysis and adaptivity},
	Year = {1996}}

@incollection{georgoulis2014error,
	Author = {Georgoulis, Emmanuil H and Hall, Edward and Makridakis, Charalambos},
	Booktitle = {Recent developments in discontinuous Galerkin finite element methods for partial differential equations},
	Date-Added = {2022-03-11 16:12:48 +0000},
	Date-Modified = {2022-03-11 16:12:48 +0000},
	Pages = {195--207},
	Publisher = {Springer},
	Title = {Error control for discontinuous Galerkin methods for first order hyperbolic problems},
	Year = {2014}}

@article{luce2004local,
	Author = {Luce, Robert and Wohlmuth, Barbara I},
	Date-Added = {2022-03-11 15:40:51 +0000},
	Date-Modified = {2022-03-11 15:40:51 +0000},
	Journal = {SIAM Journal on Numerical Analysis},
	Number = {4},
	Pages = {1394--1414},
	Publisher = {SIAM},
	Title = {A local a posteriori error estimator based on equilibrated fluxes},
	Volume = {42},
	Year = {2004}}

@incollection{becker2013reconstruction,
	Author = {Becker, Roland and Capatina, Daniela and Luce, Robert},
	Booktitle = {Numerical Mathematics and Advanced Applications 2011},
	Date-Added = {2022-03-11 15:27:23 +0000},
	Date-Modified = {2022-03-11 15:27:23 +0000},
	Pages = {13--21},
	Publisher = {Springer},
	Title = {Reconstruction-based a posteriori error estimators for the transport equation},
	Year = {2013}}

@article{vichnevetsky1975error,
	Author = {Vichnevetsky, Robert and Peiffer, B},
	Date-Added = {2022-03-08 12:28:52 +0000},
	Date-Modified = {2022-03-08 12:28:52 +0000},
	Publisher = {Rutgers University},
	Title = {Error waves in finite element and finite difference methods for hyperbolic equations},
	Year = {1975}}

@article{ascher2004multisymplectic,
	Author = {Ascher, Uri M and McLachlan, Robert I},
	Date-Added = {2022-02-25 15:50:13 +0000},
	Date-Modified = {2022-02-25 15:50:13 +0000},
	Journal = {Applied Numerical Mathematics},
	Number = {3-4},
	Pages = {255--269},
	Publisher = {Elsevier},
	Title = {Multisymplectic box schemes and the Korteweg--de Vries equation},
	Volume = {48},
	Year = {2004}}

@book{frank2004spurious,
	Author = {Frank, Jason Edward and Reich, Sebastian},
	Date-Added = {2022-02-25 15:02:29 +0000},
	Date-Modified = {2022-02-25 15:02:29 +0000},
	Publisher = {Citeseer},
	Title = {On spurious reflections, nonuniform grids and finite difference discretizations of wave equations},
	Year = {2004}}

@book{vichnevetsky1982fourier,
	Author = {Vichnevetsky, Robert and Bowles, John B},
	Date-Added = {2022-02-24 16:16:16 +0000},
	Date-Modified = {2022-02-24 16:16:16 +0000},
	Publisher = {SIAM},
	Title = {Fourier analysis of numerical approximations of hyperbolic equations},
	Year = {1982}}

@article{vichnevetsky1980propagation,
	Author = {Vichnevetsky, R},
	Date-Added = {2022-02-24 15:37:31 +0000},
	Date-Modified = {2022-02-24 15:37:31 +0000},
	Journal = {Mathematics and computers in simulation},
	Number = {2},
	Pages = {98--102},
	Publisher = {Elsevier},
	Title = {Propagation properties of semi-discretizations of hyperbolic equations},
	Volume = {22},
	Year = {1980}}

@book{taylor1717methodus,
	Author = {Taylor, Brook},
	Date-Added = {2022-02-19 16:06:16 +0000},
	Date-Modified = {2022-02-19 16:06:16 +0000},
	Publisher = {Innys},
	Title = {Methodus incrementorum directa et inversa},
	Year = {1717}}

@book{da2014mimetic,
	Author = {da Veiga, Louren{\c{c}}o Beirao and Lipnikov, Konstantin and Manzini, Gianmarco},
	Date-Added = {2021-12-23 13:18:11 +0200},
	Date-Modified = {2021-12-23 13:18:11 +0200},
	Publisher = {Springer},
	Title = {The mimetic finite difference method for elliptic problems},
	Volume = {11},
	Year = {2014}}

@article{cangiani2008flux,
	Author = {Cangiani, Andrea and Manzini, Gianmarco},
	Date-Added = {2021-12-23 12:58:07 +0200},
	Date-Modified = {2021-12-23 12:58:07 +0200},
	Journal = {Computer Methods in Applied Mechanics and Engineering},
	Number = {9-12},
	Pages = {933--945},
	Publisher = {Elsevier},
	Title = {Flux reconstruction and solution post-processing in mimetic finite difference methods},
	Volume = {197},
	Year = {2008}}

@article{beirao2021adaptive,
	Author = {Beirao da Veiga, L and Canuto, C and Nochetto, RH and Vacca, G and Verani, M},
	Date-Added = {2021-12-22 17:33:15 +0200},
	Date-Modified = {2021-12-22 17:33:15 +0200},
	Journal = {arXiv e-prints},
	Pages = {arXiv--2111},
	Title = {Adaptive VEM: Stabilization-Free A Posteriori Error Analysis},
	Year = {2021}}

@article{cangiani2017posteriori,
	Author = {Cangiani, Andrea and Georgoulis, Emmanuil H and Pryer, Tristan and Sutton, Oliver J},
	Date-Added = {2021-12-22 15:41:29 +0200},
	Date-Modified = {2021-12-22 15:41:29 +0200},
	Journal = {Numerische mathematik},
	Number = {4},
	Pages = {857--893},
	Publisher = {Springer},
	Title = {A posteriori error estimates for the virtual element method},
	Volume = {137},
	Year = {2017}}

@article{da2015residual,
	Author = {Da Veiga, L Beirao and Manzini, G},
	Date-Added = {2021-12-22 15:26:13 +0200},
	Date-Modified = {2021-12-22 15:26:13 +0200},
	Journal = {ESAIM: Mathematical Modelling and Numerical Analysis},
	Number = {2},
	Pages = {577--599},
	Publisher = {EDP Sciences},
	Title = {Residual a posteriori error estimation for the virtual element method for elliptic problems},
	Volume = {49},
	Year = {2015}}

@article{brezzi2014basic,
	Author = {Brezzi, Franco and Falk, Richard S and Marini, L Donatella},
	Date-Added = {2021-12-22 15:05:58 +0200},
	Date-Modified = {2021-12-22 15:05:58 +0200},
	Journal = {ESAIM: Mathematical Modelling and Numerical Analysis},
	Number = {4},
	Pages = {1227--1240},
	Publisher = {EDP Sciences},
	Title = {Basic principles of mixed virtual element methods},
	Volume = {48},
	Year = {2014}}

@article{beirao2016virtual,
	Author = {Beir{\~a}o da Veiga, L and Brezzi, Franco and Marini, Luisa Donatella and Russo, Alessandro},
	Date-Added = {2021-12-22 15:05:01 +0200},
	Date-Modified = {2021-12-22 15:05:01 +0200},
	Journal = {Mathematical Models and Methods in Applied Sciences},
	Number = {04},
	Pages = {729--750},
	Publisher = {World Scientific},
	Title = {Virtual element method for general second-order elliptic problems on polygonal meshes},
	Volume = {26},
	Year = {2016}}

@article{beirao2014hitchhiker,
	Author = {Beir{\~a}o da Veiga, L and Brezzi, Franco and Marini, Luisa Donatella and Russo, Alessandro},
	Date-Added = {2021-12-22 15:02:37 +0200},
	Date-Modified = {2021-12-22 15:02:37 +0200},
	Journal = {Mathematical models and methods in applied sciences},
	Number = {08},
	Pages = {1541--1573},
	Publisher = {World Scientific},
	Title = {The hitchhiker's guide to the virtual element method},
	Volume = {24},
	Year = {2014}}

@article{cangiani2017conforming,
	Author = {Cangiani, Andrea and Manzini, Gianmarco and Sutton, Oliver J},
	Date-Added = {2021-12-22 15:01:20 +0200},
	Date-Modified = {2021-12-22 15:01:20 +0200},
	Journal = {IMA Journal of Numerical Analysis},
	Number = {3},
	Pages = {1317--1354},
	Publisher = {Oxford University Press},
	Title = {Conforming and nonconforming virtual element methods for elliptic problems},
	Volume = {37},
	Year = {2017}}

@article{da2014virtual,
	Author = {da Veiga, Lourenco Beir{\~a}o and Manzini, Gianmarco},
	Date-Added = {2021-12-22 14:38:04 +0200},
	Date-Modified = {2021-12-22 14:38:04 +0200},
	Journal = {IMA Journal of Numerical Analysis},
	Number = {2},
	Pages = {759--781},
	Publisher = {Oxford University Press},
	Title = {A virtual element method with arbitrary regularity},
	Volume = {34},
	Year = {2014}}

@article{beirao2013basic,
	Author = {Beir{\~a}o da Veiga, L and Brezzi, Franco and Cangiani, Andrea and Manzini, Gianmarco and Marini, L Donatella and Russo, Alessandro},
	Date-Added = {2021-12-22 14:20:39 +0200},
	Date-Modified = {2021-12-22 14:20:39 +0200},
	Journal = {Mathematical Models and Methods in Applied Sciences},
	Number = {01},
	Pages = {199--214},
	Publisher = {World Scientific},
	Title = {Basic principles of virtual element methods},
	Volume = {23},
	Year = {2013}}

@article{gavete2018solving,
	Author = {Gavete, Luis and Ure{\~n}a, Francisco and Benito, Juan Jose and Ure{\~n}a, Miguel and Gavete, Maria Lucia},
	Date-Added = {2021-12-22 13:18:56 +0200},
	Date-Modified = {2021-12-22 13:18:56 +0200},
	Journal = {Mathematical Problems in Engineering},
	Publisher = {Hindawi},
	Title = {Solving elliptical equations in 3D by means of an adaptive refinement in generalized finite differences},
	Volume = {2018},
	Year = {2018}}

@article{urena2018adaptive,
	Author = {Ure{\~n}a, Miguel and Benito, Juan Jos{\'e} and Ure{\~n}a, Francisco and Garc{\'\i}a, {\'A}ngel and Gavete, Luis and Benito, Luis},
	Date-Added = {2021-12-22 12:17:38 +0200},
	Date-Modified = {2021-12-22 12:17:38 +0200},
	Journal = {Mathematical Methods in the Applied Sciences},
	Number = {17},
	Pages = {7115--7129},
	Publisher = {Wiley Online Library},
	Title = {Adaptive strategies to improve the application of the generalized finite differences method in 2D and 3D},
	Volume = {41},
	Year = {2018}}

@article{urena2005computational,
	Author = {Ure{\~n}a, F and Benito, JJ and Alvarez, R and Gavete, L},
	Date-Added = {2021-12-21 23:48:48 +0200},
	Date-Modified = {2021-12-21 23:48:48 +0200},
	Journal = {International Journal for Computational Methods in Engineering Science and Mechanics},
	Number = {1},
	Pages = {31--39},
	Publisher = {Taylor \& Francis},
	Title = {Computational error approximation and h-adaptive algorithm for the 3-D generalized finite difference method},
	Volume = {6},
	Year = {2005}}

@article{benito2008posteriori,
	Author = {Benito, Juan Jos{\'e} and Ure{\~n}a, Francisco and Gavete, Luis and Alonso, Beatriz},
	Date-Added = {2021-12-21 21:57:49 +0200},
	Date-Modified = {2021-12-21 21:57:49 +0200},
	Journal = {International Journal of Computer Mathematics},
	Number = {3-4},
	Pages = {359--370},
	Publisher = {Taylor \& Francis},
	Title = {A posteriori error estimator and indicator in generalized finite differences. Application to improve the approximated solution of elliptic PDEs},
	Volume = {85},
	Year = {2008}}

@article{benito2003h,
	Author = {Benito, JJ and Urena, F and Gavete, L and Alvarez, R},
	Date-Added = {2021-12-21 18:36:13 +0200},
	Date-Modified = {2021-12-21 18:36:13 +0200},
	Journal = {Computer methods in applied mechanics and engineering},
	Number = {5-6},
	Pages = {735--759},
	Publisher = {Elsevier},
	Title = {An h-adaptive method in the generalized finite differences},
	Volume = {192},
	Year = {2003}}

@article{orkisz1998finite,
	Author = {Orkisz, J},
	Date-Added = {2021-12-21 18:27:36 +0200},
	Date-Modified = {2021-12-21 18:27:36 +0200},
	Journal = {Handbook of Computational Solid Mechanics},
	Pages = {336--432},
	Publisher = {Springer-Verlag, Berlin},
	Title = {Finite difference method (Part III)},
	Year = {1998}}

@article{wyatt1975new,
	Author = {Wyatt, MJ and TAYLOR and DAVIES, G and SNELL, C},
	Date-Added = {2021-12-21 15:17:41 +0200},
	Date-Modified = {2021-12-21 15:17:41 +0200},
	Journal = {Proceedings of the Institution of Civil Engineers},
	Number = {3},
	Pages = {395--409},
	Publisher = {Thomas Telford-ICE Virtual Library},
	Title = {A NEW DIFFERENCE BASED FINITE ELEMENT METHOD.},
	Volume = {59},
	Year = {1975}}

@article{perrone1975general,
	Author = {Perrone, Nicholas and Kao, Robert},
	Date-Added = {2021-12-21 14:50:17 +0200},
	Date-Modified = {2021-12-21 14:50:17 +0200},
	Journal = {Computers \& Structures},
	Number = {1},
	Pages = {45--57},
	Publisher = {Elsevier},
	Title = {A general finite difference method for arbitrary meshes},
	Volume = {5},
	Year = {1975}}

@article{jensen1972finite,
	Author = {Jensen, Paul S},
	Date-Added = {2021-12-21 14:04:13 +0200},
	Date-Modified = {2021-12-21 14:04:13 +0200},
	Journal = {Computers \& Structures},
	Number = {1-2},
	Pages = {17--29},
	Publisher = {Elsevier},
	Title = {Finite difference techniques for variable grids},
	Volume = {2},
	Year = {1972}}

@article{liszka1980finite,
	Author = {Liszka, Tadeusz and Orkisz, Janusz},
	Date-Added = {2021-12-21 13:57:43 +0200},
	Date-Modified = {2021-12-21 13:57:43 +0200},
	Journal = {Computers \& Structures},
	Number = {1-2},
	Pages = {83--95},
	Publisher = {Elsevier},
	Title = {The finite difference method at arbitrary irregular grids and its application in applied mechanics},
	Volume = {11},
	Year = {1980}}

@article{liszka1984interpolation,
	Author = {Liszka, Tadeusz},
	Date-Added = {2021-12-21 13:55:02 +0200},
	Date-Modified = {2021-12-21 13:55:02 +0200},
	Journal = {International Journal for Numerical Methods in Engineering},
	Number = {9},
	Pages = {1599--1612},
	Publisher = {Wiley Online Library},
	Title = {An interpolation method for an irregular net of nodes},
	Volume = {20},
	Year = {1984}}

@article{deuflhard1989concepts,
	Author = {Deuflhard, Peter and Leinen, Peter and Yserentant, Harry},
	Date-Added = {2021-12-20 17:04:32 +0200},
	Date-Modified = {2021-12-20 17:04:32 +0200},
	Journal = {IMPACT of Computing in Science and Engineering},
	Number = {1},
	Pages = {3--35},
	Publisher = {Elsevier},
	Title = {Concepts of an adaptive hierarchical finite element code},
	Volume = {1},
	Year = {1989}}

@article{zienkiewicz1983hierarchical,
	Author = {Zienkiewicz, Olgierd C and Gago, JP De SR and Kelly, Don W},
	Date-Added = {2021-12-20 16:47:05 +0200},
	Date-Modified = {2021-12-20 16:47:05 +0200},
	Journal = {Computers \& Structures},
	Number = {1-4},
	Pages = {53--65},
	Publisher = {Elsevier},
	Title = {The hierarchical concept in finite element analysis},
	Volume = {16},
	Year = {1983}}

@article{bank1996hierarchical,
	Author = {Bank, Randolph E},
	Date-Added = {2021-12-20 16:31:06 +0200},
	Date-Modified = {2021-12-20 16:31:06 +0200},
	Journal = {Acta numerica},
	Pages = {1--43},
	Publisher = {Cambridge University Press},
	Title = {Hierarchical bases and the finite element method},
	Volume = {5},
	Year = {1996}}

@article{beirao2008posteriori,
	Author = {Beir{\~a}o da Veiga, Louren{\c{c}}o and Manzini, Gianmarco},
	Date-Added = {2021-12-19 18:25:14 +0200},
	Date-Modified = {2021-12-19 18:25:14 +0200},
	Journal = {International journal for numerical methods in engineering},
	Number = {11},
	Pages = {1696--1723},
	Publisher = {Wiley Online Library},
	Title = {An a posteriori error estimator for the mimetic finite difference approximation of elliptic problems},
	Volume = {76},
	Year = {2008}}

@article{da2008residual,
	Author = {da Veiga, L Beirao},
	Date-Added = {2021-12-19 18:23:35 +0200},
	Date-Modified = {2021-12-19 18:23:35 +0200},
	Journal = {Numerische Mathematik},
	Number = {3},
	Pages = {387--406},
	Publisher = {Springer},
	Title = {A residual based error estimator for the mimetic finite difference method},
	Volume = {108},
	Year = {2008}}

@article{antonietti2013hierarchical,
	Author = {Antonietti, Paola F and da Veiga, Lourenco Beirao and Lovadina, Carlo and Verani, Marco},
	Date-Added = {2021-12-19 18:01:48 +0200},
	Date-Modified = {2021-12-19 18:01:48 +0200},
	Journal = {SIAM Journal on Numerical Analysis},
	Number = {1},
	Pages = {654--675},
	Publisher = {SIAM},
	Title = {Hierarchical a posteriori error estimators for the mimetic discretization of elliptic problems},
	Volume = {51},
	Year = {2013}}

@article{lipnikov2014mimetic,
	Author = {Lipnikov, Konstantin and Manzini, Gianmarco and Shashkov, Mikhail},
	Date-Added = {2021-12-19 16:14:37 +0200},
	Date-Modified = {2021-12-19 16:14:37 +0200},
	Journal = {Journal of Computational Physics},
	Pages = {1163--1227},
	Publisher = {Elsevier},
	Title = {Mimetic finite difference method},
	Volume = {257},
	Year = {2014}}

@article{stormer1907trajectoires,
	Author = {St{\"o}rmer, Carl},
	Date-Added = {2021-12-08 12:23:30 +0000},
	Date-Modified = {2021-12-08 12:23:30 +0000},
	Journal = {Radium (Paris)},
	Number = {1},
	Pages = {2--5},
	Title = {Sur les trajectoires des corpuscules {\'e}lectris{\'e}s dans l'espace. Applications {\`a} l'aurore bor{\'e}ale et aux perturbations magn{\'e}tiques},
	Volume = {4},
	Year = {1907}}

@article{verlet1967computer,
	Author = {Verlet, Loup},
	Date-Added = {2021-12-08 12:17:11 +0000},
	Date-Modified = {2021-12-08 12:17:11 +0000},
	Journal = {Physical review},
	Number = {1},
	Pages = {98},
	Publisher = {APS},
	Title = {Computer" experiments" on classical fluids. I. Thermodynamical properties of Lennard-Jones molecules},
	Volume = {159},
	Year = {1967}}

@article{akrivis2009optimal,
	Author = {Akrivis, Georgios and Makridakis, Charalambos and Nochetto, Ricardo H},
	Date-Added = {2021-12-07 23:18:46 +0000},
	Date-Modified = {2021-12-07 23:18:46 +0000},
	Journal = {Numerische Mathematik},
	Number = {1},
	Pages = {133--160},
	Publisher = {Springer},
	Title = {Optimal order a posteriori error estimates for a class of Runge--Kutta and Galerkin methods},
	Volume = {114},
	Year = {2009}}

@inproceedings{zadunaisky1972determination,
	Author = {Zadunaisky, PE},
	Booktitle = {Symposium-International Astronomical Union},
	Date-Added = {2021-12-07 23:18:46 +0000},
	Date-Modified = {2021-12-07 23:18:46 +0000},
	Organization = {Cambridge University Press},
	Pages = {144--151},
	Title = {On the Determination of Nongravitational Forces Acting on Comets},
	Volume = {45},
	Year = {1972}}

@inproceedings{zadunaisky1966method,
	Author = {Zadunaisky, PE},
	Booktitle = {The Theory of Orbits in the Solar System and in Stellar Systems},
	Date-Added = {2021-12-07 23:18:46 +0000},
	Date-Modified = {2021-12-07 23:18:46 +0000},
	Pages = {281},
	Title = {A method for the estimation of errors propagated in the numerical solution of a system of ordinary differential equations},
	Volume = {25},
	Year = {1966}}

@incollection{zadunaisky1970accuracy,
	Author = {Zadunaisky, Pedro E},
	Booktitle = {Periodic Orbits, Stability and Resonances},
	Date-Added = {2021-12-07 23:18:46 +0000},
	Date-Modified = {2021-12-07 23:18:46 +0000},
	Pages = {216--227},
	Publisher = {Springer},
	Title = {On the accuracy in the numerical computation of orbits},
	Year = {1970}}

@article{zadunaisky1966motion,
	Author = {Zadunaisky, Pedro E},
	Date-Added = {2021-12-07 23:18:46 +0000},
	Date-Modified = {2021-12-07 23:18:46 +0000},
	Journal = {The Astronomical Journal},
	Pages = {20},
	Title = {Motion of Halley's comet during the return of 1910},
	Volume = {71},
	Year = {1966}}

@article{zadunaisky1976estimation,
	Author = {Zadunaisky, Pedro E},
	Date-Added = {2021-12-07 23:18:46 +0000},
	Date-Modified = {2021-12-07 23:18:46 +0000},
	Journal = {Numerische Mathematik},
	Number = {1},
	Pages = {21--39},
	Publisher = {Springer},
	Title = {On the estimation of errors propagated in the numerical integration of ordinary differential equations},
	Volume = {27},
	Year = {1976}}

@article{cao2004posteriori,
	Author = {Cao, Yang and Petzold, Linda},
	Journal = {SIAM Journal on Scientific Computing},
	Number = {2},
	Pages = {359--374},
	Publisher = {SIAM},
	Title = {A posteriori error estimation and global error control for ordinary differential equations by the adjoint method},
	Volume = {26},
	Year = {2004}}

@article{logg2003multiI,
	Author = {Logg, Anders},
	Journal = {SIAM Journal on Scientific Computing},
	Number = {6},
	Pages = {1879--1902},
	Publisher = {SIAM},
	Title = {Multi-adaptive Galerkin methods for ODEs I},
	Volume = {24},
	Year = {2003}}

@article{logg2004multiII,
	Author = {Logg, Anders},
	Journal = {SIAM Journal on Scientific Computing},
	Number = {4},
	Pages = {1119--1141},
	Publisher = {SIAM},
	Title = {Multi-adaptive Galerkin methods for ODEs II: Implementation and applications},
	Volume = {25},
	Year = {2004}}

@article{logg2004multiIII,
	Author = {Logg, Anders},
	Publisher = {Citeseer},
	Title = {Multi-adaptive Galerkin methods for ODEs III: Existence and stability},
	Year = {2004}}

@book{jansson2004multiV,
	Author = {Jansson, Johan and Logg, Anders},
	Publisher = {Chalmers Finite Element Centre, Chalmers University of Technology},
	Title = {Multi-adaptive Galerkin methods for ODEs V: Stiff problems},
	Year = {2004}}

@article{eriksson1987error,
	Author = {Eriksson, Kenneth and Johnson, Claes},
	Journal = {SIAM journal on numerical analysis},
	Number = {1},
	Pages = {12--23},
	Publisher = {SIAM},
	Title = {Error estimates and automatic time step control for nonlinear parabolic problems, I},
	Volume = {24},
	Year = {1987}}

@article{eriksson1995adaptiveV,
	Author = {Eriksson, Kenneth and Johnson, Claes},
	Journal = {SIAM Journal on Numerical Analysis},
	Number = {6},
	Pages = {1729--1749},
	Publisher = {SIAM},
	Title = {Adaptive finite element methods for parabolic problems IV: Nonlinear problems},
	Volume = {32},
	Year = {1995}}

@article{eriksson1995adaptiveIV,
	Author = {Eriksson, Kenneth and Johnson, Claes},
	Journal = {SIAM journal on numerical analysis},
	Number = {6},
	Pages = {1750--1763},
	Publisher = {SIAM},
	Title = {Adaptive finite element methods for parabolic problems V: Long-time integration},
	Volume = {32},
	Year = {1995}}

@article{estep1993discontinuous,
	Author = {Estep, Donald and Larsson, Stig},
	Journal = {ESAIM: Mathematical Modelling and Numerical Analysis-Mod{\'e}lisation Math{\'e}matique et Analyse Num{\'e}rique},
	Number = {1},
	Pages = {35--54},
	Title = {The discontinuous Galerkin method for semilinear parabolic problems},
	Volume = {27},
	Year = {1993}}

@article{johnson1988error,
	Author = {Johnson, Claes},
	Journal = {SIAM Journal on Numerical Analysis},
	Number = {4},
	Pages = {908--926},
	Publisher = {SIAM},
	Title = {Error estimates and adaptive time-step control for a class of one-step methods for stiff ordinary differential equations},
	Volume = {25},
	Year = {1988}}

@article{estep1995posteriori,
	Author = {Estep, Donald},
	Journal = {SIAM Journal on Numerical Analysis},
	Number = {1},
	Pages = {1--48},
	Publisher = {SIAM},
	Title = {A posteriori error bounds and global error control for approximation of ordinary differential equations},
	Volume = {32},
	Year = {1995}}

@article{eriksson1995introduction,
	Author = {Eriksson, Kenneth and Estep, Don and Hansbo, Peter and Johnson, Claes},
	Journal = {Acta numerica},
	Pages = {105--158},
	Publisher = {Cambridge University Press},
	Title = {Introduction to adaptive methods for differential equations},
	Volume = {4},
	Year = {1995}}

@article{hartree1937method,
	Author = {Hartree, Douglas Rayner and Womersley, John R},
	Journal = {Proceedings of the Royal Society of London. Series A-Mathematical and Physical Sciences},
	Number = {906},
	Pages = {353--366},
	Publisher = {The Royal Society London},
	Title = {A method for the numerical or mechanical solution of certain types of partial differential equations},
	Volume = {161},
	Year = {1937}}

@book{richardson2007weather,
	Author = {Richardson, Lewis Fry},
	Publisher = {Cambridge university press},
	Title = {Weather prediction by numerical process},
	Year = {2007}}

@article{richardson1911ix,
	Author = {Richardson, Lewis Fry},
	Journal = {Philosophical Transactions of the Royal Society of London. Series A, Containing Papers of a Mathematical or Physical Character},
	Number = {459-470},
	Pages = {307--357},
	Publisher = {The Royal Society London},
	Title = {IX. The approximate arithmetical solution by finite differences of physical problems involving differential equations, with an application to the stresses in a masonry dam},
	Volume = {210},
	Year = {1911}}

@incollection{charney1990numerical,
	Author = {Charney, Jules G and Fjortoft, Ragnar and Von Neumann, John},
	Booktitle = {The Atmosphere - A Challenge},
	Pages = {267--284},
	Publisher = {Springer},
	Title = {Numerical integration of the barotropic vorticity equation},
	Year = {1990}}

@inproceedings{crank1947practical,
	Author = {Crank, John and Nicolson, Phyllis},
	Booktitle = {Mathematical Proceedings of the Cambridge Philosophical Society},
	Number = {1},
	Organization = {Cambridge University Press},
	Pages = {50--67},
	Title = {A practical method for numerical evaluation of solutions of partial differential equations of the heat-conduction type},
	Volume = {43},
	Year = {1947}}

@article{von1947numerical,
	Author = {Von Neumann, John and Goldstine, Herman H},
	Journal = {Bulletin of the American Mathematical Society},
	Number = {11},
	Pages = {1021--1099},
	Publisher = {American Mathematical Society},
	Title = {Numerical inverting of matrices of high order},
	Volume = {53},
	Year = {1947}}

@article{richtmyer1994difference,
	Author = {Richtmyer, Robert D and Morton, Keith W},
	Journal = {Malabar},
	Title = {Difference methods for initial-value problems},
	Year = {1994}}

@article{argyris1954energy,
	Author = {Argyris, John H},
	Journal = {Aircraft Engineering and Aerospace Technology},
	Publisher = {MCB UP Ltd},
	Title = {Energy Theorems and Structural Analysis: A Generalized Discourse with Applications on Energy Principles of Structural Analysis Including the Effects of Temperature and Non-Linear Stress-Strain Relations},
	Year = {1954}}

@article{courant1967partial,
	Author = {Courant, Richard and Friedrichs, Kurt and Lewy, Hans},
	Journal = {IBM journal of Research and Development},
	Number = {2},
	Pages = {215--234},
	Publisher = {IBM},
	Title = {On the partial difference equations of mathematical physics},
	Volume = {11},
	Year = {1967}}

@article{thomee1990finite,
	Author = {Thom{\'e}e, Vidar},
	Journal = {Handbook of numerical analysis},
	Pages = {5--196},
	Publisher = {Elsevier},
	Title = {Finite difference methods for linear parabolic equations},
	Volume = {1},
	Year = {1990}}

@book{versteeg2007introduction,
	Author = {Versteeg, Henk Kaarle and Malalasekera, Weeratunge},
	Publisher = {Pearson education},
	Title = {An introduction to computational fluid dynamics: the finite volume method},
	Year = {2007}}

@book{johnson2012numerical,
	Author = {Johnson, Claes},
	Publisher = {Courier Corporation},
	Title = {Numerical solution of partial differential equations by the finite element method},
	Year = {2012}}

@book{zienkiewicz2005finite,
	Author = {Zienkiewicz, Olgierd Cecil and Taylor, Robert Leroy and Zhu, Jian Z},
	Publisher = {Elsevier},
	Title = {The finite element method: its basis and fundamentals},
	Year = {2005}}

@book{morton2005numerical,
	Author = {Morton, Keith W and Mayers, David Francis},
	Publisher = {Cambridge university press},
	Title = {Numerical solution of partial differential equations: an introduction},
	Year = {2005}}

@article{arnold1974stochastic,
	Author = {Arnold, Ludwig},
	Journal = {New York},
	Title = {Stochastic differential equations},
	Year = {1974}}

@book{olver2000applications,
	Author = {Olver, Peter J},
	Publisher = {Springer Science \& Business Media},
	Title = {Applications of Lie groups to differential equations},
	Volume = {107},
	Year = {2000}}

@article{formaggia2003one,
	Author = {Formaggia, Luca and Lamponi, Daniele and Quarteroni, Alfio},
	Journal = {Journal of engineering mathematics},
	Number = {3},
	Pages = {251--276},
	Publisher = {Springer},
	Title = {One-dimensional models for blood flow in arteries},
	Volume = {47},
	Year = {2003}}

@article{christou2009fully,
	Author = {Christou, Marios},
	Publisher = {Imperial College London},
	Title = {Fully nonlinear computations of waves and wave-structure interaction},
	Year = {2009}}

@article{van2015energy,
	Author = {van Reeuwijk, Maarten and Craske, John},
	Journal = {Journal of Fluid Mechanics},
	Pages = {333--355},
	Publisher = {Cambridge University Press},
	Title = {Energy-consistent entrainment relations for jets and plumes},
	Volume = {782},
	Year = {2015}}

@article{hunt2000cellular,
	Author = {Hunt, Giles W and Peletier, Mark A and Champneys, Alan R and Woods, Patrick D and Wadee, M Ahmer and Budd, Chris J and Lord, Gabriel James},
	Journal = {Nonlinear Dynamics},
	Number = {1},
	Pages = {3--29},
	Publisher = {Springer},
	Title = {Cellular buckling in long structures},
	Volume = {21},
	Year = {2000}}

@book{brown2007differential,
	Author = {Brown, Courtney},
	Number = {150},
	Publisher = {Sage},
	Title = {Differential equations: A modeling approach},
	Year = {2007}}

@article{el1997backward,
	Author = {El Karoui, Nicole and Peng, Shige and Quenez, Marie Claire},
	Journal = {Mathematical finance},
	Number = {1},
	Pages = {1--71},
	Publisher = {Wiley Online Library},
	Title = {Backward stochastic differential equations in finance},
	Volume = {7},
	Year = {1997}}

@article{hethcote2000mathematics,
	Author = {Hethcote, Herbert W},
	Journal = {SIAM review},
	Number = {4},
	Pages = {599--653},
	Publisher = {SIAM},
	Title = {The mathematics of infectious diseases},
	Volume = {42},
	Year = {2000}}

@article{li1995global,
	Author = {Li, Michael Y and Muldowney, James S},
	Journal = {Mathematical biosciences},
	Number = {2},
	Pages = {155--164},
	Publisher = {Elsevier},
	Title = {Global stability for the SEIR model in epidemiology},
	Volume = {125},
	Year = {1995}}

@article{lewis1958discontinuous,
	Author = {LEWIS, ROBERT M},
	Date-Added = {2021-09-29 18:02:08 +0100},
	Date-Modified = {2021-09-29 18:02:08 +0100},
	Journal = {Journal of Mathematics and Mechanics},
	Pages = {571--592},
	Publisher = {JSTOR},
	Title = {Discontinuous initial value problems for symmetric hyperbolic linear differential equations},
	Year = {1958}}

@incollection{serre1991richness,
	Author = {Serre, Denis},
	Booktitle = {Multidimensional Hyperbolic Problems and Computations},
	Date-Added = {2021-07-30 19:37:17 +0300},
	Date-Modified = {2021-07-30 19:37:17 +0300},
	Pages = {315--333},
	Publisher = {Springer},
	Title = {Richness and the classification of quasilinear hyperbolic systems},
	Year = {1991}}

@book{evans10,
	Abstract = {"This is the second edition of the now definitive text on partial differential equations (PDE). It offers a comprehensive survey of modern techniques in the theoretical study of PDE with particular emphasis on nonlinear equations. Its wide scope and clear exposition make it a great text for a graduate course in PDE. For this edition, the author has made numerous changes, including: a new chapter on nonlinear wave equations, more than 80 new exercises, several new sections, and a significantly expanded bibliography."--Publisher's description.},
	Added-At = {2015-07-29T08:37:26.000+0200},
	Address = {Providence, R.I.},
	Author = {Evans, Lawrence C.},
	Biburl = {https://www.bibsonomy.org/bibtex/2f5b120723ea78913e7e700ddd1a99301/ytyoun},
	Interhash = {59982ce44cc43813ccb14c0d647a59ee},
	Intrahash = {f5b120723ea78913e7e700ddd1a99301},
	Isbn = {9780821849743 0821849743},
	Keywords = {partial.differential.equations pde textbook},
	Publisher = {American Mathematical Society},
	Refid = {465190110},
	Timestamp = {2015-07-29T08:37:26.000+0200},
	Title = {Partial differential equations},
	Year = 2010}

@book{dafermos2005hyperbolic,
	Author = {Dafermos, Constantine M and Dafermos, Constantine M},
	Publisher = {Springer},
	Title = {Hyperbolic conservation laws in continuum physics},
	Volume = {3},
	Year = {2005}}

@book{lefloch2002hyperbolic,
	Author = {LeFloch, Philippe G},
	Publisher = {Springer Science \& Business Media},
	Title = {Hyperbolic Systems of Conservation Laws: The theory of classical and nonclassical shock waves},
	Year = {2002}}

@article{hairer2003geometric,
	Author = {Hairer, Ernst and Lubich, Christian and Wanner, Gerhard},
	Date-Added = {2021-07-12 11:41:57 +0100},
	Date-Modified = {2021-07-12 11:41:57 +0100},
	Journal = {Acta numerica},
	Pages = {399--450},
	Publisher = {Cambridge University Press},
	Title = {Geometric numerical integration illustrated by the St{\"o}rmer--Verlet method},
	Volume = {12},
	Year = {2003}}

@article{akrivis2006posteriori,
	Author = {Akrivis, Georgios and Makridakis, Charalambos and Nochetto, Ricardo},
	Date-Added = {2021-07-03 16:00:26 +0100},
	Date-Modified = {2021-07-03 16:00:26 +0100},
	Journal = {Mathematics of computation},
	Number = {254},
	Pages = {511--531},
	Title = {A posteriori error estimates for the Crank--Nicolson method for parabolic equations},
	Volume = {75},
	Year = {2006}}

@book{ciarlet2002finite,
	Author = {Ciarlet, Philippe G},
	Date-Added = {2021-06-21 18:16:48 +0100},
	Date-Modified = {2021-06-21 18:16:48 +0100},
	Publisher = {SIAM},
	Title = {The finite element method for elliptic problems},
	Year = {2002}}

@book{suli2003introduction,
	Author = {S{\"u}li, Endre and Mayers, David F},
	Date-Added = {2021-06-14 16:24:06 +0100},
	Date-Modified = {2021-06-14 16:24:06 +0100},
	Publisher = {Cambridge university press},
	Title = {An introduction to numerical analysis},
	Year = {2003}}

@article{lakkis2015comparison,
	Author = {Lakkis, Omar and Makridakis, Charalambos and Pryer, Tristan},
	Date-Added = {2021-06-13 00:52:32 +0100},
	Date-Modified = {2021-06-13 00:52:32 +0100},
	Journal = {Mathematics of Computation},
	Number = {294},
	Pages = {1537--1569},
	Title = {A comparison of duality and energy a posteriori estimates for 𝐿\_ $\{$∞$\}$(0, 𝑇; 𝐿₂ ($\backslash$varOmega)) in parabolic problems},
	Volume = {84},
	Year = {2015}}

@article{lakkis2012gradient,
	Author = {Lakkis, Omar and Pryer, Tristan},
	Date-Added = {2021-06-13 00:45:49 +0100},
	Date-Modified = {2021-06-13 00:45:49 +0100},
	Journal = {IMA Journal of Numerical Analysis},
	Number = {1},
	Pages = {246--278},
	Publisher = {Oxford University Press},
	Title = {Gradient recovery in adaptive finite-element methods for parabolic problems},
	Volume = {32},
	Year = {2012}}

@article{lakkis2006elliptic,
	Author = {Lakkis, Omar and Makridakis, Charalambos},
	Date-Added = {2021-06-13 00:03:01 +0100},
	Date-Modified = {2021-06-13 00:03:01 +0100},
	Journal = {Mathematics of computation},
	Number = {256},
	Pages = {1627--1658},
	Title = {Elliptic reconstruction and a posteriori error estimates for fully discrete linear parabolic problems},
	Volume = {75},
	Year = {2006}}

@article{hosseini2016regularizations,
	Author = {Hosseini, Bamdad and Nigam, Nilima and Stockie, John M},
	Date-Added = {2021-06-08 13:34:47 +0100},
	Date-Modified = {2021-06-08 13:34:47 +0100},
	Journal = {Journal of Computational Physics},
	Pages = {423--447},
	Publisher = {Elsevier},
	Title = {On regularizations of the Dirac delta distribution},
	Volume = {305},
	Year = {2016}}

@article{shu2016high,
	Author = {Shu, Chi-Wang},
	Date-Added = {2021-05-09 23:26:54 +0100},
	Date-Modified = {2021-05-09 23:26:54 +0100},
	Journal = {Journal of Computational Physics},
	Pages = {598--613},
	Publisher = {Elsevier},
	Title = {High order WENO and DG methods for time-dependent convection-dominated PDEs: A brief survey of several recent developments},
	Volume = {316},
	Year = {2016}}

@article{liska2021lax,
	Author = {Liska, Richard and V{\'a}chal, Pavel and Wendroff, Burton},
	Date-Added = {2021-05-09 21:49:25 +0100},
	Date-Modified = {2021-05-09 21:49:25 +0100},
	Journal = {Applied Numerical Mathematics},
	Pages = {167--181},
	Publisher = {Elsevier},
	Title = {Lax-Wendroff methods on highly non-uniform meshes. Dedicated to the Memory of Blair Swartz (1932--2019)},
	Volume = {163},
	Year = {2021}}

@article{dedner2019residual,
	Author = {Dedner, Andreas and Giesselmann, Jan and Pryer, Tristan and Ryan, Jennifer K},
	Date-Added = {2021-05-08 14:47:47 +0100},
	Date-Modified = {2021-05-08 14:47:47 +0100},
	Journal = {arXiv preprint arXiv:1906.04658},
	Title = {Residual estimates for post-processors in elliptic problems},
	Year = {2019}}

@article{vcrnjaric2007efficient,
	Author = {{\v{C}}rnjari{\'c}-{\v{Z}}ic, Nelida and Ma{\'c}e{\v{s}}i{\'c}, Senka and Crnkovi{\'c}, Bojan},
	Date-Added = {2021-02-23 21:53:35 +0000},
	Date-Modified = {2021-02-23 21:53:35 +0000},
	Journal = {ANNALI DELL'UNIVERSITA'DI FERRARA},
	Number = {2},
	Pages = {199--215},
	Publisher = {Springer},
	Title = {Efficient implementation of WENO schemes to nonuniform meshes},
	Volume = {53},
	Year = {2007}}

@article{carlini2005weighted,
	Author = {Carlini, Elisabetta and Ferretti, Roberto and Russo, Giovanni},
	Date-Added = {2021-01-22 13:37:24 +0000},
	Date-Modified = {2021-01-22 13:37:24 +0000},
	Journal = {SIAM Journal on Scientific Computing},
	Number = {3},
	Pages = {1071--1091},
	Publisher = {SIAM},
	Title = {A weighted essentially nonoscillatory, large time-step scheme for Hamilton--Jacobi equations},
	Volume = {27},
	Year = {2005}}

@article{liu2009positivity,
	Author = {Liu, Yuan-yuan and Shu, Chi-wang and Zhang, Meng-ping},
	Date-Added = {2021-01-22 13:36:55 +0000},
	Date-Modified = {2021-01-22 13:36:55 +0000},
	Journal = {Acta Mathematicae Applicatae Sinica, English Series},
	Number = {3},
	Pages = {503--538},
	Publisher = {Springer},
	Title = {On the positivity of linear weights in WENO approximations},
	Volume = {25},
	Year = {2009}}

@article{shu2020essentially,
	Author = {Shu, Chi-Wang},
	Date-Added = {2021-01-21 13:00:16 +0000},
	Date-Modified = {2021-01-21 13:00:16 +0000},
	Journal = {Acta Numerica},
	Pages = {701--762},
	Publisher = {Cambridge University Press},
	Title = {Essentially non-oscillatory and weighted essentially non-oscillatory schemes},
	Volume = {29},
	Year = {2020}}

@article{janett2019novel,
	Author = {Janett, Gioele and Steiner, Oskar and Ballester, Ernest Alsina and Belluzzi, Luca and Mishra, Siddhartha},
	Date-Added = {2021-01-21 12:30:31 +0000},
	Date-Modified = {2021-01-21 12:30:31 +0000},
	Journal = {Astronomy \& Astrophysics},
	Pages = {A104},
	Publisher = {EDP Sciences},
	Title = {A novel fourth-order WENO interpolation technique-A possible new tool designed for radiative transfer},
	Volume = {624},
	Year = {2019}}

@article{isherwood2018strong,
	Author = {Isherwood, Leah and Grant, Zachary J and Gottlieb, Sigal},
	Date-Added = {2020-09-17 20:06:42 +0300},
	Date-Modified = {2020-09-17 20:06:42 +0300},
	Journal = {SIAM Journal on Numerical Analysis},
	Number = {6},
	Pages = {3276--3307},
	Publisher = {SIAM},
	Title = {Strong Stability Preserving Integrating Factor Runge--Kutta Methods},
	Volume = {56},
	Year = {2018}}

@inproceedings{freund1995weakly,
	Author = {Freund, Jouni and Stenberg, Rolf},
	Booktitle = {Proceedings of the Ninth Int. Conf. Finite Elements in Fluids},
	Date-Added = {2020-07-05 14:10:38 +0100},
	Date-Modified = {2020-07-05 14:10:38 +0100},
	Organization = {Venice},
	Pages = {327--336},
	Title = {On weakly imposed boundary conditions for second order problems},
	Year = {1995}}

@article{georgoulis2013posteriori,
	Author = {Georgoulis, Emmanuil H and Lakkis, Omar and Makridakis, Charalambos},
	Date-Added = {2020-06-19 10:56:26 +0100},
	Date-Modified = {2020-06-19 10:56:26 +0100},
	Journal = {IMA Journal of Numerical Analysis},
	Number = {4},
	Pages = {1245--1264},
	Publisher = {Oxford University Press},
	Title = {A posteriori $L_\infty(L_2)$-error bounds for finite element approximations to the wave equation},
	Volume = {33},
	Year = {2013}}

@article{bernardi2005time,
	Author = {Bernardi, Christine and S{\"u}li, Endre},
	Date-Added = {2020-06-19 10:54:38 +0100},
	Date-Modified = {2020-06-19 10:54:38 +0100},
	Journal = {Mathematical Models and Methods in Applied Sciences},
	Number = {02},
	Pages = {199--225},
	Publisher = {World Scientific},
	Title = {Time and space adaptivity for the second-order wave equation},
	Volume = {15},
	Year = {2005}}

@article{baker1976error,
	Author = {Baker, Garth A},
	Date-Added = {2020-06-18 19:32:51 +0100},
	Date-Modified = {2020-06-18 19:32:51 +0100},
	Journal = {SIAM journal on numerical analysis},
	Number = {4},
	Pages = {564--576},
	Publisher = {SIAM},
	Title = {Error estimates for finite element methods for second order hyperbolic equations},
	Volume = {13},
	Year = {1976}}

@phdthesis{gorynina2018elements,
	Author = {Gorynina, Olga},
	Date-Added = {2020-06-18 17:57:44 +0100},
	Date-Modified = {2020-06-18 17:57:44 +0100},
	School = {Bourgogne Franche-Comt{\'e}},
	Title = {El{\'e}ments finis adaptatifs pour l'{\'e}quation des ondes instationnaire},
	Year = {2018}}

@article{gorynina2019easily,
	Author = {Gorynina, Olga and Lozinski, Alexei and Picasso, Marco},
	Date-Added = {2020-06-18 17:46:33 +0100},
	Date-Modified = {2020-06-18 17:46:33 +0100},
	Journal = {ESAIM: Mathematical Modelling and Numerical Analysis},
	Number = {3},
	Pages = {729--747},
	Publisher = {EDP Sciences},
	Title = {An easily computable error estimator in space and time for the wave equation},
	Volume = {53},
	Year = {2019}}

@article{georgoulis2016posteriori,
	Author = {Georgoulis, Emmanuil H and Lakkis, Omar and Makridakis, Charalambos G and Virtanen, Juha M},
	Date-Added = {2020-05-12 12:32:32 +0100},
	Date-Modified = {2020-05-12 12:32:32 +0100},
	Journal = {SIAM Journal on Numerical Analysis},
	Number = {1},
	Pages = {120--136},
	Publisher = {SIAM},
	Title = {A posteriori error estimates for leap-frog and cosine methods for second order evolution problems},
	Volume = {54},
	Year = {2016}}

@article{gorynina2019time,
	Author = {Gorynina, Olga and Lozinski, Alexei and Picasso, Marco},
	Date-Added = {2020-03-16 15:47:39 +0000},
	Date-Modified = {2020-03-16 15:47:39 +0000},
	Journal = {IMA Journal of Numerical Analysis},
	Number = {4},
	Pages = {1672--1705},
	Publisher = {Oxford University Press},
	Title = {Time and space adaptivity of the wave equation discretized in time by a second-order scheme},
	Volume = {39},
	Year = {2019}}

@book{deuflhard2011newton,
	Author = {Deuflhard, Peter},
	Date-Added = {2020-02-20 11:02:02 +0000},
	Date-Modified = {2020-02-20 11:02:02 +0000},
	Publisher = {Springer Science \& Business Media},
	Title = {Newton methods for nonlinear problems: affine invariance and adaptive algorithms},
	Volume = {35},
	Year = {2011}}

@article{gustafsson1975convergence,
	Author = {Gustafsson, Bertil},
	Date-Added = {2020-02-13 17:05:05 +0000},
	Date-Modified = {2020-02-13 17:05:05 +0000},
	Journal = {Mathematics of Computation},
	Number = {130},
	Pages = {396--406},
	Title = {The convergence rate for difference approximations to mixed initial boundary value problems},
	Volume = {29},
	Year = {1975}}

@article{kelly1988posteriori,
	Author = {Kelly, DW and Mills, RJ and Reizes, JA and Miller, AD},
	Date-Added = {2020-01-19 11:49:43 +0000},
	Date-Modified = {2020-01-19 11:49:43 +0000},
	Journal = {Journal of Computational Physics},
	Number = {1},
	Pages = {214--232},
	Publisher = {Elsevier},
	Title = {A posteriori error estimates in finite difference techniques},
	Volume = {74},
	Year = {1988}}

@article{schmidt2005design,
	Author = {Schmidt, Alfred and Siebert, Kunibert G},
	Date-Added = {2020-01-10 18:04:09 +0000},
	Date-Modified = {2020-01-10 18:04:09 +0000},
	Journal = {Lecture Notes in Computational Science and Engineering. Springer-Verlag, Berlin},
	Title = {Design of adaptive finite element software},
	Year = {2005}}

@article{kopteva2010shishkin,
	Author = {Kopteva, Natalia and O'Riordan, Eugene},
	Date-Added = {2020-01-06 23:17:17 +0000},
	Date-Modified = {2020-01-06 23:17:17 +0000},
	Publisher = {Institute for Scientific Computing and Informaton},
	Title = {Shishkin meshes in the numerical solution of singularly perturbed differential equations},
	Year = {2010}}

@article{kossaczky1994recursive,
	Author = {Kossaczk{\`y}, Igor},
	Date-Added = {2019-12-23 12:20:58 +0200},
	Date-Modified = {2019-12-23 12:20:58 +0200},
	Journal = {Journal of Computational and Applied Mathematics},
	Number = {3},
	Pages = {275--288},
	Publisher = {Elsevier},
	Title = {A recursive approach to local mesh refinement in two and three dimensions},
	Volume = {55},
	Year = {1994}}

@article{knepley2005flexible,
	Author = {Knepley, Matthew G and Karpeev, Dmitry A},
	Date-Added = {2019-12-12 12:25:20 +0000},
	Date-Modified = {2019-12-12 12:25:20 +0000},
	Journal = {Preprint ANL/MCS-P1295-1005, Argonne National Laboratory},
	Title = {Flexible representation of computational meshes},
	Year = {2005}}

@article{logg2012efficient,
	Author = {Logg, Anders},
	Date-Added = {2019-12-12 12:24:45 +0000},
	Date-Modified = {2019-12-12 12:24:45 +0000},
	Journal = {arXiv preprint arXiv:1205.3081},
	Title = {Efficient representation of computational meshes},
	Year = {2012}}

@article{shu2002survey,
	Author = {Shu, Chi-Wang},
	Date-Added = {2019-11-28 16:07:46 +0000},
	Date-Modified = {2019-11-28 16:07:46 +0000},
	Journal = {Collected lectures on the preservation of stability under discretization},
	Pages = {51--65},
	Publisher = {SIAM Philadelphia, PA},
	Title = {A survey of strong stability preserving high order time discretizations},
	Volume = {109},
	Year = {2002}}

@article{zennaro1986natural,
	Author = {Zennaro, Marino},
	Date-Added = {2019-11-13 14:59:09 +0000},
	Date-Modified = {2019-11-13 14:59:09 +0000},
	Journal = {Mathematics of Computation},
	Number = {173},
	Pages = {119--133},
	Title = {Natural continuous extensions of Runge-Kutta methods},
	Volume = {46},
	Year = {1986}}

@article{gottlieb2009high,
	Author = {Gottlieb, Sigal and Ketcheson, David I and Shu, Chi-Wang},
	Date-Added = {2019-11-13 14:57:28 +0000},
	Date-Modified = {2019-11-13 14:57:28 +0000},
	Journal = {Journal of Scientific Computing},
	Number = {3},
	Pages = {251--289},
	Publisher = {Springer},
	Title = {High order strong stability preserving time discretizations},
	Volume = {38},
	Year = {2009}}

@article{gottlieb2001strong,
	Author = {Gottlieb, Sigal and Shu, Chi-Wang and Tadmor, Eitan},
	Date-Added = {2019-11-13 14:50:49 +0000},
	Date-Modified = {2019-11-13 14:50:49 +0000},
	Journal = {SIAM review},
	Number = {1},
	Pages = {89--112},
	Publisher = {SIAM},
	Title = {Strong stability-preserving high-order time discretization methods},
	Volume = {43},
	Year = {2001}}

@article{cockburn2001runge,
	Author = {Cockburn, Bernardo and Shu, Chi-Wang},
	Date-Added = {2019-11-13 14:42:23 +0000},
	Date-Modified = {2019-11-13 14:42:23 +0000},
	Journal = {Journal of scientific computing},
	Number = {3},
	Pages = {173--261},
	Publisher = {Springer},
	Title = {Runge--Kutta discontinuous Galerkin methods for convection-dominated problems},
	Volume = {16},
	Year = {2001}}

@article{crandall1992user,
	Author = {Crandall, Michael G and Ishii, Hitoshi and Lions, Pierre-Louis},
	Date-Added = {2019-11-05 22:43:00 +0000},
	Date-Modified = {2019-11-05 22:43:00 +0000},
	Journal = {Bulletin of the American mathematical society},
	Number = {1},
	Pages = {1--67},
	Title = {User's guide to viscosity solutions of second order partial differential equations},
	Volume = {27},
	Year = {1992}}

@article{golovaty2012existence,
	Author = {Golovaty, Dmitry and Nguyen, Truyen},
	Date-Added = {2019-11-05 22:16:24 +0000},
	Date-Modified = {2019-11-05 22:16:24 +0000},
	Journal = {Journal of Differential Equations},
	Number = {5},
	Pages = {1341--1375},
	Publisher = {Elsevier},
	Title = {On the existence, uniqueness and stability of entropy solutions to scalar conservation laws},
	Volume = {253},
	Year = {2012}}

@article{bouchut1998kruzkov,
	Author = {Bouchut, Fran{\c{c}}ois and Perthame, Beno{\i}t},
	Date-Added = {2019-10-25 14:36:51 +0100},
	Date-Modified = {2019-10-25 14:36:51 +0100},
	Journal = {Transactions of the American Mathematical Society},
	Number = {7},
	Pages = {2847--2870},
	Title = {Kruzkov's estimates for scalar conservation laws revisited},
	Volume = {350},
	Year = {1998}}

@article{katsaounis2001finite,
	Author = {Katsaounis, Theodoros and Makridakis, Charalambos},
	Date-Added = {2019-10-25 14:35:41 +0100},
	Date-Modified = {2019-10-25 14:35:41 +0100},
	Journal = {Mathematics of computation},
	Number = {234},
	Pages = {533--553},
	Title = {Finite volume relaxation schemes for multidimensional conservation laws},
	Volume = {70},
	Year = {2001}}

@article{katsoulakis1999convergence,
	Author = {Katsoulakis, MA and Kossioris, G and Makridakis, Ch},
	Date-Added = {2019-10-25 12:56:54 +0100},
	Date-Modified = {2019-10-25 12:56:54 +0100},
	Journal = {Communications in partial differential equations},
	Number = {3-4},
	Pages = {395--422},
	Publisher = {Taylor \& Francis},
	Title = {Convergence and error estimates of relaxation schemes for multidimensional conservation laws},
	Volume = {24},
	Year = {1999}}

@article{makridakis2003elliptic,
	Author = {Makridakis, Charalambos and Nochetto, Ricardo H},
	Date-Added = {2019-10-09 12:23:37 +0100},
	Date-Modified = {2019-10-09 12:23:37 +0100},
	Journal = {SIAM journal on numerical analysis},
	Number = {4},
	Pages = {1585--1594},
	Publisher = {SIAM},
	Title = {Elliptic reconstruction and a posteriori error estimates for parabolic problems},
	Volume = {41},
	Year = {2003}}

@article{ern2015polynomial,
	Author = {Ern, Alexandre and Vohral{\'\i}k, Martin},
	Date-Added = {2019-10-09 12:21:32 +0100},
	Date-Modified = {2019-10-09 12:21:32 +0100},
	Journal = {SIAM Journal on Numerical Analysis},
	Number = {2},
	Pages = {1058--1081},
	Publisher = {SIAM},
	Title = {Polynomial-degree-robust a posteriori estimates in a unified setting for conforming, nonconforming, discontinuous Galerkin, and mixed discretizations},
	Volume = {53},
	Year = {2015}}

@article{dedner2007error,
	Author = {Dedner, Andreas and Makridakis, Charalambos and Ohlberger, Mario},
	Date-Added = {2019-10-07 12:51:58 +0100},
	Date-Modified = {2019-10-07 12:51:58 +0100},
	Journal = {SIAM Journal on Numerical Analysis},
	Number = {2},
	Pages = {514--538},
	Publisher = {SIAM},
	Title = {Error control for a class of Runge--Kutta discontinuous Galerkin methods for nonlinear conservation laws},
	Volume = {45},
	Year = {2007}}

@article{dednererror,
	Author = {DEDNER, ANDREAS},
	Date-Added = {2019-10-07 12:51:27 +0100},
	Date-Modified = {2019-10-07 12:51:27 +0100},
	Title = {ERROR CONTROL FOR A CLASS OF RUNGE KUTTA DISCONTINUOUS GALERKIN METHODS FOR NONLINEAR CONSERVATION LAWS ANDREAS DEDNER, CHARALAMBOS MAKRIDAKIS, AND MARIO OHLBERGER}}

@article{nochetto2000posteriori,
	Author = {Nochetto, Ricardo H and Savar{\'e}, Giuseppe and Verdi, Claudio},
	Date-Added = {2019-10-06 14:32:32 +0100},
	Date-Modified = {2019-10-06 14:32:32 +0100},
	Journal = {Communications on Pure and Applied Mathematics: A Journal Issued by the Courant Institute of Mathematical Sciences},
	Number = {5},
	Pages = {525--589},
	Publisher = {Wiley Online Library},
	Title = {A posteriori error estimates for variable time-step discretizations of nonlinear evolution equations},
	Volume = {53},
	Year = {2000}}

@inproceedings{makridakis2007space,
	Author = {Makridakis, Charalambos},
	Booktitle = {ESAIM: Proceedings},
	Date-Added = {2019-10-04 16:58:16 +0100},
	Date-Modified = {2019-10-04 16:58:16 +0100},
	Organization = {EDP Sciences},
	Pages = {31--44},
	Title = {Space and time reconstructions in a posteriori analysis of evolution problems},
	Volume = {21},
	Year = {2007}}

@article{semplice2016adaptive,
	Author = {Semplice, Matteo and Coco, Armando and Russo, Giovanni},
	Date-Added = {2019-10-04 13:04:15 +0100},
	Date-Modified = {2019-10-04 13:04:15 +0100},
	Journal = {Journal of Scientific Computing},
	Number = {2},
	Pages = {692--724},
	Publisher = {Springer},
	Title = {Adaptive mesh refinement for hyperbolic systems based on third-order compact WENO reconstruction},
	Volume = {66},
	Year = {2016}}

@article{puppo2011numerical,
	Author = {Puppo, Gabriella and Semplice, Matteo},
	Date-Added = {2019-10-04 13:02:06 +0100},
	Date-Modified = {2019-10-04 13:02:06 +0100},
	Journal = {Communications in Computational Physics},
	Number = {5},
	Pages = {1132--1160},
	Publisher = {Cambridge University Press},
	Title = {Numerical entropy and adaptivity for finite volume schemes},
	Volume = {10},
	Year = {2011}}

@article{puppo2004numerical,
	Author = {Puppo, Gabriella},
	Date-Added = {2019-10-04 12:52:11 +0100},
	Date-Modified = {2019-10-04 12:52:11 +0100},
	Journal = {SIAM Journal on Scientific Computing},
	Number = {4},
	Pages = {1382--1415},
	Publisher = {SIAM},
	Title = {Numerical entropy production for central schemes},
	Volume = {25},
	Year = {2004}}

@article{sod1978survey,
	Author = {Sod, Gary A},
	Date-Added = {2019-10-03 17:14:14 +0100},
	Date-Modified = {2019-10-03 17:14:14 +0100},
	Journal = {Journal of computational physics},
	Number = {1},
	Pages = {1--31},
	Publisher = {Elsevier},
	Title = {A survey of several finite difference methods for systems of nonlinear hyperbolic conservation laws},
	Volume = {27},
	Year = {1978}}

@book{verfurth2013posteriori,
	Author = {Verf{\"u}rth, R{\"u}diger},
	Date-Added = {2019-10-03 15:55:11 +0100},
	Date-Modified = {2019-10-03 15:55:11 +0100},
	Publisher = {OUP Oxford},
	Title = {A posteriori error estimation techniques for finite element methods},
	Year = {2013}}

@article{barth2018finite,
	Author = {Barth, Timothy and Herbin, Rapha{\`e}le and Ohlberger, Mario},
	Date-Added = {2019-10-03 15:45:33 +0100},
	Date-Modified = {2019-10-03 15:45:33 +0100},
	Journal = {Encyclopedia of Computational Mechanics Second Edition},
	Pages = {1--60},
	Publisher = {Wiley Online Library},
	Title = {Finite volume methods: foundation and analysis},
	Year = {2018}}

@article{chen2014goal,
	Author = {Chen, Qingshan and Gunzburger, Max},
	Date-Added = {2019-10-03 15:41:00 +0100},
	Date-Modified = {2019-10-03 15:41:00 +0100},
	Journal = {Journal of Computational and Applied Mathematics},
	Pages = {69--82},
	Publisher = {Elsevier},
	Title = {Goal-oriented a posteriori error estimation for finite volume methods},
	Volume = {265},
	Year = {2014}}

@article{cockburn1994error,
	Author = {Cockburn, Bernardo and Coquel, Fr{\'e}d{\'e}ric and LeFloch, Philippe},
	Date-Added = {2019-10-03 15:17:28 +0100},
	Date-Modified = {2019-10-03 15:17:28 +0100},
	Journal = {mathematics of computation},
	Number = {207},
	Pages = {77--103},
	Title = {An error estimate for finite volume methods for multidimensional conservation laws},
	Volume = {63},
	Year = {1994}}

@article{johnson1990adaptive,
	Author = {Johnson, Claes},
	Date-Added = {2019-10-03 14:16:49 +0100},
	Date-Modified = {2019-10-03 14:16:49 +0100},
	Journal = {Computer Methods in Applied Mechanics and Engineering},
	Number = {1-3},
	Pages = {301--322},
	Publisher = {Elsevier},
	Title = {Adaptive finite element methods for diffusion and convection problems},
	Volume = {82},
	Year = {1990}}

@article{johnson1995adaptive,
	Author = {Johnson, Claes and Szepessy, Anders},
	Date-Added = {2019-10-03 11:43:26 +0100},
	Date-Modified = {2019-10-03 11:43:26 +0100},
	Journal = {Communications on Pure and Applied Mathematics},
	Number = {3},
	Pages = {199--234},
	Publisher = {Wiley Online Library},
	Title = {Adaptive finite element methods for conservation laws based on a posteriori error estimates},
	Volume = {48},
	Year = {1995}}

@article{kolgan2011application,
	Author = {Kolgan, VP},
	Date-Added = {2019-10-02 14:32:45 +0100},
	Date-Modified = {2019-10-02 14:32:45 +0100},
	Journal = {Journal of Computational Physics},
	Number = {7},
	Pages = {2384--2390},
	Publisher = {Academic Press Professional, Inc.},
	Title = {Application of the principle of minimizing the derivative to the construction of finite-difference schemes for computing discontinuous solutions of gas dynamics},
	Volume = {230},
	Year = {2011}}

@article{gottlieb1998total,
	Author = {Gottlieb, Sigal and Shu, Chi-Wang},
	Date-Added = {2019-10-02 14:22:11 +0100},
	Date-Modified = {2019-10-02 14:22:11 +0100},
	Journal = {Mathematics of computation of the American Mathematical Society},
	Number = {221},
	Pages = {73--85},
	Title = {Total variation diminishing Runge-Kutta schemes},
	Volume = {67},
	Year = {1998}}

@article{ohlberger2009review,
	Author = {Ohlberger, Mario},
	Date-Added = {2019-10-02 11:56:39 +0100},
	Date-Modified = {2019-10-02 11:56:39 +0100},
	Journal = {International Journal for Numerical Methods in Fluids},
	Number = {3},
	Pages = {333--354},
	Publisher = {Wiley Online Library},
	Title = {A review of a posteriori error control and adaptivity for approximations of non-linear conservation laws},
	Volume = {59},
	Year = {2009}}

@book{ainsworth2012graduate,
	Author = {Ainsworth, Mark and Levesley, Jeremy and Marletta, Marco},
	Date-Added = {2019-10-02 11:52:14 +0100},
	Date-Modified = {2019-10-02 11:52:14 +0100},
	Publisher = {Springer Science \& Business Media},
	Title = {The Graduate Student's Guide to Numerical Analysis' 98: Lecture Notes from the VIII EPSRC Summer School in Numerical Analysis},
	Volume = {26},
	Year = {2012}}

@article{cockburn1995posteriori,
	Author = {Cockburn, Bernardo and Gau, Huiing},
	Date-Added = {2019-10-02 11:48:59 +0100},
	Date-Modified = {2019-10-02 11:48:59 +0100},
	Journal = {Mat. Aplic. Comp},
	Number = {1},
	Pages = {37--47},
	Title = {A posteriori error estimates for general numerical methods for scalar conservation laws},
	Volume = {14},
	Year = {1995}}

@book{kroner1997numerical,
	Author = {Kr{\"o}ner, Dietmar},
	Date-Added = {2019-10-02 10:42:15 +0100},
	Date-Modified = {2019-10-02 10:42:15 +0100},
	Publisher = {Wiley Chichester},
	Title = {Numerical schemes for conservation laws},
	Volume = {22},
	Year = {1997}}

@article{jiang1996efficient,
	Author = {Jiang, Guang-Shan and Shu, Chi-Wang},
	Date-Added = {2019-10-01 17:52:32 +0100},
	Date-Modified = {2019-10-01 17:52:32 +0100},
	Journal = {Journal of computational physics},
	Number = {1},
	Pages = {202--228},
	Publisher = {Elsevier},
	Title = {Efficient implementation of weighted ENO schemes},
	Volume = {126},
	Year = {1996}}

@article{liu1994weighted,
	Author = {Liu, Xu-Dong and Osher, Stanley and Chan, Tony},
	Date-Added = {2019-10-01 17:27:46 +0100},
	Date-Modified = {2019-10-01 17:27:46 +0100},
	Journal = {Journal of computational physics},
	Number = {1},
	Pages = {200--212},
	Publisher = {Elsevier},
	Title = {Weighted essentially non-oscillatory schemes},
	Volume = {115},
	Year = {1994}}

@article{van1977towardsIV,
	Author = {Van Leer, Bram},
	Date-Added = {2019-10-01 16:19:43 +0100},
	Date-Modified = {2019-10-01 16:20:03 +0100},
	Journal = {Journal of computational physics},
	Number = {3},
	Pages = {276--299},
	Publisher = {Elsevier},
	Title = {Towards the ultimate conservative difference scheme. IV. A new approach to numerical convection},
	Volume = {23},
	Year = {1977}}

@article{van1977towards,
	Author = {Van Leer, Bram},
	Date-Added = {2019-10-01 16:19:26 +0100},
	Date-Modified = {2019-10-01 16:19:26 +0100},
	Journal = {Journal of Computational Physics},
	Number = {3},
	Pages = {263--275},
	Publisher = {Elsevier},
	Title = {Towards the ultimate conservative difference scheme III. Upstream-centered finite-difference schemes for ideal compressible flow},
	Volume = {23},
	Year = {1977}}

@article{van1974towards,
	Author = {Van Leer, Bram},
	Date-Added = {2019-10-01 16:19:06 +0100},
	Date-Modified = {2019-10-01 16:19:06 +0100},
	Journal = {Journal of computational physics},
	Number = {4},
	Pages = {361--370},
	Publisher = {Elsevier},
	Title = {Towards the ultimate conservative difference scheme. II. Monotonicity and conservation combined in a second-order scheme},
	Volume = {14},
	Year = {1974}}

@inproceedings{van1973towards,
	Author = {Van Leer, Bram},
	Booktitle = {Proceedings of the Third International Conference on Numerical Methods in Fluid Mechanics},
	Date-Added = {2019-10-01 16:18:43 +0100},
	Date-Modified = {2019-10-01 16:18:43 +0100},
	Organization = {Springer},
	Pages = {163--168},
	Title = {Towards the ultimate conservative difference scheme I. The quest of monotonicity},
	Year = {1973}}

@article{godunov1959difference,
	Author = {Godunov, Sergei Konstantinovich},
	Date-Added = {2019-10-01 15:13:18 +0100},
	Date-Modified = {2019-10-01 15:13:18 +0100},
	Journal = {Matematicheskii Sbornik},
	Number = {3},
	Pages = {271--306},
	Publisher = {Russian Academy of Sciences, Steklov Mathematical Institute of Russian~{\ldots}},
	Title = {A difference method for numerical calculation of discontinuous solutions of the equations of hydrodynamics},
	Volume = {89},
	Year = {1959}}

@article{nessyahu1994convergence,
	Author = {Nessyahu, Haim and Tadmor, Eitan and Tassa, Tamir},
	Date-Added = {2019-10-01 12:02:33 +0100},
	Date-Modified = {2019-10-01 12:02:33 +0100},
	Journal = {SIAM journal on numerical analysis},
	Number = {1},
	Pages = {1--16},
	Publisher = {SIAM},
	Title = {The convergence rate of Godunov type schemes},
	Volume = {31},
	Year = {1994}}

@article{johnson1997advanced,
	Author = {Johnson, B Cockburn C and Tadmor, C-W Shu E},
	Date-Added = {2019-10-01 11:09:18 +0100},
	Date-Modified = {2019-10-01 11:09:18 +0100},
	Title = {Advanced numerical approximation of nonlinear hyperbolic equations},
	Year = {1997}}

@article{gosse2000two,
	Author = {Gosse, Laurent and Makridakis, Charalambos},
	Date-Added = {2019-09-23 16:16:20 +0100},
	Date-Modified = {2019-09-23 16:16:20 +0100},
	Journal = {SIAM Journal on Numerical Analysis},
	Number = {3},
	Pages = {964--988},
	Publisher = {SIAM},
	Title = {Two a posteriori error estimates for one-dimensional scalar conservation laws},
	Volume = {38},
	Year = {2000}}

@article{vichnevetsky1987wave,
	Author = {Vichnevetsky, Robert},
	Date-Added = {2019-09-23 15:25:22 +0100},
	Date-Modified = {2019-09-23 15:25:22 +0100},
	Journal = {Applied Numerical Mathematics},
	Pages = {133--166},
	Title = {Wave propagation and reflection in irregular grids for hyperbolic equations},
	Volume = {3},
	Year = {1987}}

@article{vichnevetsky1981propagation,
	Author = {Vichnevetsky, Robert},
	Date-Added = {2019-09-23 15:24:56 +0100},
	Date-Modified = {2019-09-23 15:24:56 +0100},
	Title = {Propagation through numerical mesh refinement for hyperbolic equations},
	Year = {1981}}

@article{vichnevetsky1981energy,
	Author = {Vichnevetsky, Robert},
	Date-Added = {2019-09-23 15:24:34 +0100},
	Date-Modified = {2019-09-23 15:24:34 +0100},
	Title = {Energy and group velocity in semi discretizations of hyperbolic equations},
	Year = {1981}}

@article{trefethen1982group,
	Author = {Trefethen, Lloyd N},
	Date-Added = {2019-09-23 15:24:05 +0100},
	Date-Modified = {2019-09-23 15:24:05 +0100},
	Journal = {SIAM review},
	Number = {2},
	Pages = {113--136},
	Publisher = {SIAM},
	Title = {Group velocity in finite difference schemes},
	Volume = {24},
	Year = {1982}}

@article{semplice2018adaptive,
	Author = {Semplice, Matteo and Loub{\`e}re, Rapha{\"e}l},
	Date-Added = {2019-09-23 15:23:09 +0100},
	Date-Modified = {2019-09-23 15:23:09 +0100},
	Journal = {Journal of Computational Physics},
	Pages = {86--110},
	Publisher = {Elsevier},
	Title = {Adaptive-Mesh-Refinement for hyperbolic systems of conservation laws based on a posteriori stabilized high order polynomial reconstructions},
	Volume = {354},
	Year = {2018}}

@article{osher1983numerical,
	Author = {Osher, Stanley and Sanders, Richard},
	Date-Added = {2019-09-23 15:20:50 +0100},
	Date-Modified = {2019-09-23 15:20:50 +0100},
	Journal = {Mathematics of computation},
	Number = {164},
	Pages = {321--336},
	Title = {Numerical approximations to nonlinear conservation laws with locally varying time and space grids},
	Volume = {41},
	Year = {1983}}

@article{makridakis2006posteriori,
	Author = {Makridakis, Charalambos and Nochetto, Ricardo H},
	Date-Added = {2019-09-23 15:19:59 +0100},
	Date-Modified = {2019-09-23 15:19:59 +0100},
	Journal = {Numerische Mathematik},
	Number = {4},
	Pages = {489--514},
	Publisher = {Springer},
	Title = {A posteriori error analysis for higher order dissipative methods for evolution problems},
	Volume = {104},
	Year = {2006}}

@article{long2011numerical,
	Author = {Long, David and Thuburn, John},
	Date-Added = {2019-09-23 15:17:40 +0100},
	Date-Modified = {2019-09-23 15:17:40 +0100},
	Journal = {Journal of Computational Physics},
	Number = {7},
	Pages = {2643--2659},
	Publisher = {Elsevier},
	Title = {Numerical wave propagation on non-uniform one-dimensional staggered grids},
	Volume = {230},
	Year = {2011}}

@book{leveque2002finite,
	Author = {LeVeque, Randall J and others},
	Date-Added = {2019-09-23 15:16:38 +0100},
	Date-Modified = {2019-09-23 15:16:38 +0100},
	Publisher = {Cambridge university press},
	Title = {Finite volume methods for hyperbolic problems},
	Volume = {31},
	Year = {2002}}

@article{giesselmann2017posteriori,
	Author = {Giesselmann, Jan and Pryer, Tristan},
	Date-Added = {2019-09-23 15:15:26 +0100},
	Date-Modified = {2019-09-23 15:15:26 +0100},
	Journal = {Mathematical Models and Methods in Applied Sciences},
	Number = {13},
	Pages = {2381--2423},
	Publisher = {World Scientific},
	Title = {A posteriori analysis for dynamic model adaptation in convection-dominated problems},
	Volume = {27},
	Year = {2017}}

@article{giesselmann2015posteriori,
	Author = {Giesselmann, Jan and Makridakis, Charalambos and Pryer, Tristan},
	Date-Added = {2019-09-23 15:14:57 +0100},
	Date-Modified = {2019-09-23 15:14:57 +0100},
	Journal = {SIAM Journal on Numerical Analysis},
	Number = {3},
	Pages = {1280--1303},
	Publisher = {SIAM},
	Title = {A posteriori analysis of discontinuous Galerkin schemes for systems of hyperbolic conservation laws},
	Volume = {53},
	Year = {2015}}

@book{ern2013theory,
	Author = {Ern, Alexandre and Guermond, Jean-Luc},
	Date-Added = {2019-09-23 15:13:34 +0100},
	Date-Modified = {2019-09-23 15:13:34 +0100},
	Publisher = {Springer Science \& Business Media},
	Title = {Theory and practice of finite elements},
	Volume = {159},
	Year = {2013}}

@article{collins2014posteriori,
	Author = {Collins, James B and Estep, Don and Tavener, Simon},
	Date-Added = {2019-09-23 15:11:51 +0100},
	Date-Modified = {2019-09-23 15:11:51 +0100},
	Journal = {Journal of Computational and Applied Mathematics},
	Pages = {299--311},
	Publisher = {Elsevier},
	Title = {A posteriori error estimation for the Lax--Wendroff finite difference scheme},
	Volume = {263},
	Year = {2014}}

@article{berger1984adaptive,
	Author = {Berger, Marsha J and Oliger, Joseph},
	Date-Added = {2019-09-23 15:11:18 +0100},
	Date-Modified = {2019-09-23 15:11:18 +0100},
	Journal = {Journal of computational Physics},
	Number = {3},
	Pages = {484--512},
	Publisher = {Elsevier},
	Title = {Adaptive mesh refinement for hyperbolic partial differential equations},
	Volume = {53},
	Year = {1984}}

@book{ainsworth2011posteriori,
	Author = {Ainsworth, Mark and Oden, J Tinsley},
	Date-Added = {2019-09-23 15:10:30 +0100},
	Date-Modified = {2019-09-23 15:10:30 +0100},
	Publisher = {John Wiley \& Sons},
	Title = {A posteriori error estimation in finite element analysis},
	Volume = {37},
	Year = {2011}}

@techreport{arney1988posteriori,
	Author = {Arney, David C and Biswas, Rupak and Flaherty, Joseph E},
	Date-Added = {2019-09-23 15:09:58 +0100},
	Date-Modified = {2019-09-23 15:09:58 +0100},
	Institution = {ARMY ARMAMENT RESEARCH DEVELOPMENT AND ENGINEERING CENTER WATERVLIET NY~{\ldots}},
	Title = {A posteriori error estimation of adaptive finite difference schemes for hyperbolic systems},
	Year = {1988}}

@article{harten1984class,
	Author = {Harten, Ami},
	Date-Added = {2019-09-23 11:19:37 +0100},
	Date-Modified = {2019-09-23 11:19:37 +0100},
	Journal = {SIAM Journal on Numerical Analysis},
	Number = {1},
	Pages = {1--23},
	Publisher = {SIAM},
	Title = {On a class of high resolution total-variation-stable finite-difference schemes},
	Volume = {21},
	Year = {1984}}

@article{jackaman2019design,
	Author = {Jackaman, James and Papamikos, Georgios and Pryer, Tristan},
	Date-Added = {2019-09-20 12:09:28 +0100},
	Date-Modified = {2019-09-20 12:09:28 +0100},
	Journal = {Applied Numerical Mathematics},
	Pages = {230--251},
	Publisher = {Elsevier},
	Title = {The design of conservative finite element discretisations for the vectorial modified KdV equation},
	Volume = {137},
	Year = {2019}}

@article{tadmor1989convergence,
	Author = {Tadmor, Eitan},
	Date-Added = {2019-09-18 17:42:46 +0100},
	Date-Modified = {2019-09-18 17:42:46 +0100},
	Journal = {SIAM Journal on Numerical Analysis},
	Number = {1},
	Pages = {30--44},
	Publisher = {SIAM},
	Title = {Convergence of spectral methods for nonlinear conservation laws},
	Volume = {26},
	Year = {1989}}

@article{noelle1996note,
	Author = {Noelle, Sebastian},
	Date-Added = {2019-09-18 17:14:40 +0100},
	Date-Modified = {2019-09-18 17:14:40 +0100},
	Journal = {Mathematics of Computation of the American Mathematical Society},
	Number = {215},
	Pages = {1155--1163},
	Title = {A note on entropy inequalities and error estimates for higher-order accurate finite volume schemes on irregular families of grids},
	Volume = {65},
	Year = {1996}}

@article{tadmor1984numerical,
	Author = {Tadmor, Eitan},
	Date-Added = {2019-09-18 17:12:05 +0100},
	Date-Modified = {2019-09-18 17:12:05 +0100},
	Journal = {Mathematics of Computation},
	Number = {168},
	Pages = {369--381},
	Title = {Numerical viscosity and the entropy condition for conservative difference schemes},
	Volume = {43},
	Year = {1984}}

@article{shu1988total,
	Author = {Shu, Chi-Wang},
	Date-Added = {2019-09-18 17:10:33 +0100},
	Date-Modified = {2019-09-18 17:10:33 +0100},
	Journal = {SIAM Journal on Scientific and Statistical Computing},
	Number = {6},
	Pages = {1073--1084},
	Publisher = {SIAM},
	Title = {Total-variation-diminishing time discretizations},
	Volume = {9},
	Year = {1988}}

@article{leveque1985large,
	Author = {LeVeque, Randall J},
	Date-Added = {2019-09-18 17:08:55 +0100},
	Date-Modified = {2019-09-18 17:08:55 +0100},
	Journal = {SIAM journal on numerical analysis},
	Number = {6},
	Pages = {1051--1073},
	Publisher = {SIAM},
	Title = {A large time step generalization of Godunov's method for systems of conservation laws},
	Volume = {22},
	Year = {1985}}

@article{bouchut1996muscl,
	Author = {Bouchut, Fran{\c{c}}ois and Bourdarias, Ch and Perthame, Benoit},
	Date-Added = {2019-09-18 16:48:53 +0100},
	Date-Modified = {2019-09-18 16:48:53 +0100},
	Journal = {Mathematics of Computation of the American Mathematical Society},
	Number = {216},
	Pages = {1439--1461},
	Title = {A MUSCL method satisfying all the numerical entropy inequalities},
	Volume = {65},
	Year = {1996}}

@article{sanders1988third,
	Author = {Sanders, Richard},
	Date-Added = {2019-09-18 16:45:11 +0100},
	Date-Modified = {2019-09-18 16:45:11 +0100},
	Journal = {Mathematics of Computation},
	Number = {184},
	Pages = {535--558},
	Title = {A third-order accurate variation nonexpansive difference scheme for single nonlinear conservation laws},
	Volume = {51},
	Year = {1988}}

@incollection{harten1987uniformly,
	Author = {Harten, Ami and Engquist, Bjorn and Osher, Stanley and Chakravarthy, Sukumar R},
	Booktitle = {Upwind and high-resolution schemes},
	Date-Added = {2019-09-18 16:39:13 +0100},
	Date-Modified = {2019-09-18 16:39:13 +0100},
	Pages = {218--290},
	Publisher = {Springer},
	Title = {Uniformly high order accurate essentially non-oscillatory schemes, III},
	Year = {1987}}

@article{tadmor1993piecewise,
	Author = {Tadmor, Eitan and Tassa, Tamir},
	Date-Added = {2019-09-18 11:38:48 +0100},
	Date-Modified = {2019-09-18 11:38:48 +0100},
	Journal = {Communications in partial differential equations},
	Number = {9-10},
	Pages = {1631--1652},
	Publisher = {Taylor \& Francis},
	Title = {On the piecewise smoothness of entropy solutions to scalar conservation laws},
	Volume = {18},
	Year = {1993}}

@article{kuznetsov1976accuracy,
	Author = {Kuznetsov, NN},
	Date-Added = {2019-09-18 11:32:37 +0100},
	Date-Modified = {2019-09-18 11:32:37 +0100},
	Journal = {USSR Computational Mathematics and Mathematical Physics},
	Number = {6},
	Pages = {105--119},
	Publisher = {Elsevier},
	Title = {Accuracy of some approximate methods for computing the weak solutions of a first-order quasi-linear equation},
	Volume = {16},
	Year = {1976}}

@article{shyy1992suppression,
	Author = {Shyy, W and Chen, M-H and Mittal, R and Udaykumar, HS},
	Date-Added = {2019-09-18 11:21:33 +0100},
	Date-Modified = {2019-09-18 11:21:33 +0100},
	Journal = {Journal of Computational Physics},
	Number = {1},
	Pages = {49--62},
	Publisher = {Elsevier},
	Title = {On the suppression of numerical oscillations using a non-linear filter},
	Volume = {102},
	Year = {1992}}

@article{engquist1989nonlinear,
	Author = {Engquist, Bj{\"o}rn and L{\"o}tstedt, Per and Sj{\"o}green, Bj{\"o}rn},
	Date-Added = {2019-09-17 21:11:10 +0100},
	Date-Modified = {2019-09-17 21:11:10 +0100},
	Journal = {Mathematics of Computation},
	Number = {186},
	Pages = {509--537},
	Title = {Nonlinear filters for efficient shock computation},
	Volume = {52},
	Year = {1989}}

@article{osher1988convergence,
	Author = {Osher, Stanley and Tadmor, Eitan},
	Date-Added = {2019-09-17 21:08:17 +0100},
	Date-Modified = {2019-09-17 21:08:17 +0100},
	Journal = {Mathematics of Computation},
	Number = {181},
	Pages = {19--51},
	Title = {On the convergence of difference approximations to scalar conservation laws},
	Volume = {50},
	Year = {1988}}

@article{harten1977artificial,
	Author = {Harten, Amiram},
	Date-Added = {2019-09-17 21:00:49 +0100},
	Date-Modified = {2019-09-17 21:00:49 +0100},
	Journal = {Communications on Pure and Applied Mathematics},
	Number = {5},
	Pages = {611--638},
	Publisher = {Wiley Online Library},
	Title = {The artificial compression method for computation of shocks and contact discontinuities. I. Single conservation laws},
	Volume = {30},
	Year = {1977}}

@article{mock2005computation,
	Author = {Mock, Michael S and Lax, Peter D},
	Date-Added = {2019-09-17 17:29:42 +0100},
	Date-Modified = {2019-09-17 17:29:42 +0100},
	Journal = {Selected Papers Volume I},
	Pages = {176--183},
	Publisher = {Springer},
	Title = {The computation of discontinuous solutions of linear hyperbolic equations},
	Year = {2005}}

@article{majda1978fourier,
	Author = {Majda, Andrew and McDonough, James and Osher, Stanley},
	Date-Added = {2019-09-17 17:27:47 +0100},
	Date-Modified = {2019-09-17 17:27:47 +0100},
	Journal = {Mathematics of Computation},
	Number = {144},
	Pages = {1041--1081},
	Title = {The Fourier method for nonsmooth initial data},
	Volume = {32},
	Year = {1978}}

@article{johnson1990convergence,
	Author = {Johnson, Claes and Szepessy, Anders and Hansbo, Peter},
	Date-Added = {2019-09-17 17:13:30 +0100},
	Date-Modified = {2019-09-17 17:13:30 +0100},
	Journal = {Mathematics of computation},
	Number = {189},
	Pages = {107--129},
	Title = {On the convergence of shock-capturing streamline diffusion finite element methods for hyperbolic conservation laws},
	Volume = {54},
	Year = {1990}}

@article{johnson1987convergence,
	Author = {Johnson, Claes and Szepessy, Anders},
	Date-Added = {2019-09-17 17:09:46 +0100},
	Date-Modified = {2019-09-17 17:09:46 +0100},
	Journal = {Mathematics of Computation},
	Number = {180},
	Pages = {427--444},
	Title = {On the convergence of a finite element method for a nonlinear hyperbolic conservation law},
	Volume = {49},
	Year = {1987}}

@article{crandall1983viscosity,
	Author = {Crandall, Michael G and Lions, Pierre-Louis},
	Date-Added = {2019-09-17 17:08:07 +0100},
	Date-Modified = {2019-09-17 17:08:07 +0100},
	Journal = {Transactions of the American mathematical society},
	Number = {1},
	Pages = {1--42},
	Title = {Viscosity solutions of Hamilton-Jacobi equations},
	Volume = {277},
	Year = {1983}}

@article{cockburn1995convergence,
	Author = {Cockburn, Bernardo and Coquel, Fr{\'e}d{\'e}ric and LeFloch, Philippe G},
	Date-Added = {2019-09-17 17:05:49 +0100},
	Date-Modified = {2019-09-17 17:05:49 +0100},
	Journal = {SIAM Journal on Numerical Analysis},
	Number = {3},
	Pages = {687--705},
	Publisher = {SIAM},
	Title = {Convergence of the finite volume method for multidimensional conservation laws},
	Volume = {32},
	Year = {1995}}

@article{kroner1994convergence,
	Author = {Kr{\"o}ner, Dietmar and Rokyta, Mirko},
	Date-Added = {2019-09-17 17:03:44 +0100},
	Date-Modified = {2019-09-17 17:03:44 +0100},
	Journal = {SIAM journal on numerical analysis},
	Number = {2},
	Pages = {324--343},
	Publisher = {SIAM},
	Title = {Convergence of upwind finite volume schemes for scalar conservation laws in two dimensions},
	Volume = {31},
	Year = {1994}}

@article{kroner1995convergence,
	Author = {Kr{\"o}ner, Dietmar and Noelle, Sebastian and Rokyta, Mirko},
	Date-Added = {2019-09-17 17:01:17 +0100},
	Date-Modified = {2019-09-17 17:01:17 +0100},
	Journal = {Numerische Mathematik},
	Number = {4},
	Pages = {527--560},
	Publisher = {Springer},
	Title = {Convergence of higher order upwind finite volume schemes on unstructured grids for scalar conservation laws in several space dimensions},
	Volume = {71},
	Year = {1995}}

@incollection{shu1989efficient,
	Author = {Shu, Chi-Wang and Osher, Stanley},
	Booktitle = {Upwind and High-Resolution Schemes},
	Date-Added = {2019-09-17 16:58:46 +0100},
	Date-Modified = {2019-09-17 16:58:46 +0100},
	Pages = {328--374},
	Publisher = {Springer},
	Title = {Efficient implementation of essentially non-oscillatory shock-capturing schemes, II},
	Year = {1989}}

@article{shu1988efficient,
	Author = {Shu, Chi-Wang and Osher, Stanley},
	Date-Added = {2019-09-17 16:58:01 +0100},
	Date-Modified = {2019-09-17 16:58:01 +0100},
	Journal = {Journal of computational physics},
	Number = {2},
	Pages = {439--471},
	Publisher = {Elsevier},
	Title = {Efficient implementation of essentially non-oscillatory shock-capturing schemes},
	Volume = {77},
	Year = {1988}}

@incollection{shu1998essentially,
	Author = {Shu, Chi-Wang},
	Booktitle = {Advanced numerical approximation of nonlinear hyperbolic equations},
	Date-Added = {2019-09-17 16:30:50 +0100},
	Date-Modified = {2019-09-17 16:30:50 +0100},
	Pages = {325--432},
	Publisher = {Springer},
	Title = {Essentially non-oscillatory and weighted essentially non-oscillatory schemes for hyperbolic conservation laws},
	Year = {1998}}

@incollection{roe1986discrete,
	Author = {Roe, Philip L},
	Booktitle = {Upwind and High-Resolution Schemes},
	Date-Added = {2019-09-17 16:28:11 +0100},
	Date-Modified = {2019-09-17 16:28:11 +0100},
	Pages = {451--469},
	Publisher = {Springer},
	Title = {Discrete models for the numerical analysis of time-dependent multidimensional gas dynamics},
	Year = {1986}}

@article{colella1990multidimensional,
	Author = {Colella, Phillip},
	Date-Added = {2019-09-17 15:47:53 +0100},
	Date-Modified = {2019-09-17 15:47:53 +0100},
	Journal = {Journal of Computational Physics},
	Number = {1},
	Pages = {171--200},
	Publisher = {Elsevier},
	Title = {Multidimensional upwind methods for hyperbolic conservation laws},
	Volume = {87},
	Year = {1990}}

@article{liu2003positive,
	Author = {Liu, Xu-Dong and Lax, Peter D},
	Date-Added = {2019-09-17 15:44:45 +0100},
	Date-Modified = {2019-09-17 15:44:45 +0100},
	Journal = {Journal of Computational Physics},
	Number = {2},
	Pages = {428--440},
	Publisher = {Elsevier},
	Title = {Positive schemes for solving multi-dimensional hyperbolic systems of conservation laws II},
	Volume = {187},
	Year = {2003}}

@article{liu2005positive,
	Author = {Liu, Xu-Dong and Lax, Peter D},
	Date-Added = {2019-09-17 15:43:54 +0100},
	Date-Modified = {2019-09-17 15:43:54 +0100},
	Journal = {Selected Papers Volume I},
	Pages = {337--360},
	Publisher = {Springer},
	Title = {Positive schemes for solving multi-dimensional hyperbolic systems of conservation laws},
	Year = {2005}}

@article{lax1964difference,
	Author = {Lax, Peter D and Wendroff, Burton},
	Date-Added = {2019-09-17 15:38:35 +0100},
	Date-Modified = {2019-09-17 15:38:35 +0100},
	Journal = {Communications on pure and applied mathematics},
	Number = {3},
	Pages = {381--398},
	Publisher = {Wiley Online Library},
	Title = {Difference schemes for hyperbolic equations with high order of accuracy},
	Volume = {17},
	Year = {1964}}

@article{jiang1998nonoscillatory,
	Author = {Jiang, Guang-Shan and Tadmor, Eitan},
	Date-Added = {2019-09-17 15:35:49 +0100},
	Date-Modified = {2019-09-17 15:35:49 +0100},
	Journal = {SIAM Journal on Scientific Computing},
	Number = {6},
	Pages = {1892--1917},
	Publisher = {SIAM},
	Title = {Nonoscillatory central schemes for multidimensional hyperbolic conservation laws},
	Volume = {19},
	Year = {1998}}

@article{crandall1980method,
	Author = {Crandall, Michael and Majda, Andrew},
	Date-Added = {2019-09-17 15:27:02 +0100},
	Date-Modified = {2019-09-17 15:27:02 +0100},
	Journal = {Numerische Mathematik},
	Number = {3},
	Pages = {285--314},
	Publisher = {Springer},
	Title = {The method of fractional steps for conservation laws},
	Volume = {34},
	Year = {1980}}

@article{weinan1994numerical,
	Author = {Weinan, E and Shu, Chi-Wang},
	Date-Added = {2019-09-17 15:22:59 +0100},
	Date-Modified = {2019-09-17 15:22:59 +0100},
	Journal = {Journal of Computational Physics},
	Number = {1},
	Pages = {39--46},
	Publisher = {Elsevier},
	Title = {A numerical resolution study of high order essentially non-oscillatory schemes applied to incompressible flow},
	Volume = {110},
	Year = {1994}}

@article{tadmor1988convenient,
	Author = {Tadmor, Eitan},
	Date-Added = {2019-09-16 23:08:53 +0100},
	Date-Modified = {2019-09-16 23:08:53 +0100},
	Journal = {SIAM journal on numerical analysis},
	Number = {5},
	Pages = {1002--1014},
	Publisher = {SIAM},
	Title = {Convenient total variation diminishing conditions for nonlinear difference schemes},
	Volume = {25},
	Year = {1988}}

@article{sweby1984high,
	Author = {Sweby, Peter K},
	Date-Added = {2019-09-16 23:06:55 +0100},
	Date-Modified = {2019-09-16 23:06:55 +0100},
	Journal = {SIAM journal on numerical analysis},
	Number = {5},
	Pages = {995--1011},
	Publisher = {SIAM},
	Title = {High resolution schemes using flux limiters for hyperbolic conservation laws},
	Volume = {21},
	Year = {1984}}

@article{nessyahu1990non,
	Author = {Nessyahu, Haim and Tadmor, Eitan},
	Date-Added = {2019-09-16 16:35:49 +0100},
	Date-Modified = {2019-09-16 16:35:49 +0100},
	Journal = {Journal of computational physics},
	Number = {2},
	Pages = {408--463},
	Publisher = {Elsevier},
	Title = {Non-oscillatory central differencing for hyperbolic conservation laws},
	Volume = {87},
	Year = {1990}}

@book{leveque1992numerical,
	Author = {LeVeque, Randall J},
	Date-Added = {2019-09-16 16:33:12 +0100},
	Date-Modified = {2019-09-16 16:33:12 +0100},
	Publisher = {Springer},
	Title = {Numerical methods for conservation laws},
	Volume = {132},
	Year = {1992}}

@article{osher1984riemann,
	Author = {Osher, Stanley},
	Date-Added = {2019-09-16 16:31:47 +0100},
	Date-Modified = {2019-09-16 16:31:47 +0100},
	Journal = {SIAM Journal on Numerical Analysis},
	Number = {2},
	Pages = {217--235},
	Publisher = {SIAM},
	Title = {Riemann solvers, the entropy condition, and difference},
	Volume = {21},
	Year = {1984}}

@article{tadmor1984large,
	Author = {Tadmor, Eitan},
	Date-Added = {2019-09-16 16:29:56 +0100},
	Date-Modified = {2019-09-16 16:29:56 +0100},
	Journal = {Mathematics of computation},
	Number = {168},
	Pages = {353--368},
	Title = {The large-time behavior of the scalar, genuinely nonlinear Lax-Friedrichs scheme},
	Volume = {43},
	Year = {1984}}

@article{goodman1985accuracy,
	Author = {Goodman, Jonathan B and LeVeque, Randall J},
	Date-Added = {2019-09-16 16:26:16 +0100},
	Date-Modified = {2019-09-16 16:26:16 +0100},
	Journal = {Mathematics of computation},
	Pages = {15--21},
	Publisher = {JSTOR},
	Title = {On the accuracy of stable schemes for 2D scalar conservation laws},
	Year = {1985}}

@article{engquist1981one,
	Author = {Engquist, Bj{\"o}rn and Osher, Stanley},
	Date-Added = {2019-09-16 16:23:59 +0100},
	Date-Modified = {2019-09-16 16:23:59 +0100},
	Journal = {Mathematics of Computation},
	Number = {154},
	Pages = {321--351},
	Title = {One-sided difference approximations for nonlinear conservation laws},
	Volume = {36},
	Year = {1981}}

@article{lax1960systems,
	Author = {Lax, Peter and Wendroff, Burton},
	Date-Added = {2019-09-16 16:21:55 +0100},
	Date-Modified = {2019-09-16 16:21:55 +0100},
	Journal = {Communications on Pure and Applied mathematics},
	Number = {2},
	Pages = {217--237},
	Publisher = {Wiley Online Library},
	Title = {Systems of conservation laws},
	Volume = {13},
	Year = {1960}}

@article{cockburn1990quasimonotoneII,
	Author = {Cockburn, Bernardo},
	Date-Added = {2019-09-16 16:19:17 +0100},
	Date-Modified = {2019-09-16 16:19:50 +0100},
	Journal = {SIAM journal on numerical analysis},
	Number = {1},
	Pages = {247--258},
	Publisher = {SIAM},
	Title = {Quasimonotone schemes for scalar conservation laws. part II},
	Volume = {27},
	Year = {1990}}

@article{cockburn1990quasimonotoneIII,
	Author = {Cockburn, Bernardo},
	Date-Added = {2019-09-16 16:18:18 +0100},
	Date-Modified = {2019-09-16 16:19:43 +0100},
	Journal = {SIAM Journal on numerical Analysis},
	Number = {1},
	Pages = {259--276},
	Publisher = {SIAM},
	Title = {Quasimonotone schemes for scalar conservation laws. Part III},
	Volume = {27},
	Year = {1990}}

@article{cockburn1989quasimonotoneI,
	Author = {Cockburn, Bernardo},
	Date-Added = {2019-09-16 16:17:59 +0100},
	Date-Modified = {2019-09-16 16:19:55 +0100},
	Journal = {SIAM Journal on numerical Analysis},
	Number = {6},
	Pages = {1325--1341},
	Publisher = {SIAM},
	Title = {Quasimonotone Schemes for Scalar Conservation Laws Part I},
	Volume = {26},
	Year = {1989}}

@article{chern1986front,
	Author = {Chern, I-L and Glimm, J and McBryan, O and Plohr, B and Yaniv, S},
	Date-Added = {2019-09-16 16:02:53 +0100},
	Date-Modified = {2019-09-16 16:02:53 +0100},
	Journal = {Journal of Computational Physics},
	Number = {1},
	Pages = {83--110},
	Publisher = {Elsevier},
	Title = {Front tracking for gas dynamics},
	Volume = {62},
	Year = {1986}}

@article{chorin1976random,
	Author = {Chorin, Alexandre Joel},
	Date-Added = {2019-09-16 16:01:02 +0100},
	Date-Modified = {2019-09-16 16:01:02 +0100},
	Journal = {Journal of Computational Physics},
	Number = {4},
	Pages = {517--533},
	Publisher = {Elsevier},
	Title = {Random choice solution of hyperbolic systems},
	Volume = {22},
	Year = {1976}}

@article{schochet1991glmm,
	Author = {Schochet, Steven},
	Date-Added = {2019-09-16 15:58:40 +0100},
	Date-Modified = {2019-09-16 15:58:40 +0100},
	Journal = {Communications in partial differential equations},
	Number = {8-9},
	Pages = {1423--1440},
	Publisher = {Taylor \& Francis},
	Title = {Glmm's scheme for systems with almost--planar inreraction},
	Volume = {16},
	Year = {1991}}

@article{chern1989stability,
	Author = {Chern, I-Liang},
	Date-Added = {2019-09-16 15:53:52 +0100},
	Date-Modified = {2019-09-16 15:53:52 +0100},
	Journal = {Communications on Pure and Applied Mathematics},
	Number = {6},
	Pages = {815--844},
	Publisher = {Wiley Online Library},
	Title = {Stability theorem and truncation error analysis for the Glimm scheme and for a front tracking method for flows with strong discontinuities},
	Volume = {42},
	Year = {1989}}

@article{liu1977deterministic,
	Author = {Liu, Tai-Ping},
	Date-Added = {2019-09-16 15:34:04 +0100},
	Date-Modified = {2019-09-16 15:34:04 +0100},
	Journal = {Communications in Mathematical Physics},
	Number = {2},
	Pages = {135--148},
	Publisher = {Springer},
	Title = {The deterministic version of the Glimm scheme},
	Volume = {57},
	Year = {1977}}

@article{lax1954weak,
	Author = {Lax, Peter D},
	Date-Added = {2019-09-16 15:31:54 +0100},
	Date-Modified = {2019-09-16 15:31:54 +0100},
	Journal = {Communications on pure and applied mathematics},
	Number = {1},
	Pages = {159--193},
	Publisher = {Wiley Online Library},
	Title = {Weak solutions of nonlinear hyperbolic equations and their numerical computation},
	Volume = {7},
	Year = {1954}}

@article{friedrichs1954symmetric,
	Author = {Friedrichs, Kurt O},
	Date-Added = {2019-09-16 15:29:34 +0100},
	Date-Modified = {2019-09-16 15:29:34 +0100},
	Journal = {Communications on pure and applied Mathematics},
	Number = {2},
	Pages = {345--392},
	Publisher = {Wiley Online Library},
	Title = {Symmetric hyperbolic linear differential equations},
	Volume = {7},
	Year = {1954}}

@article{glimm1965solutions,
	Author = {Glimm, James},
	Date-Added = {2019-09-16 15:27:24 +0100},
	Date-Modified = {2019-09-16 15:27:24 +0100},
	Journal = {Communications on pure and applied mathematics},
	Number = {4},
	Pages = {697--715},
	Publisher = {Wiley Online Library},
	Title = {Solutions in the large for nonlinear hyperbolic systems of equations},
	Volume = {18},
	Year = {1965}}

@article{osher1982upwind,
	Author = {Osher, Stanley and Solomon, Fred},
	Date-Added = {2019-09-16 15:15:42 +0100},
	Date-Modified = {2019-09-16 15:15:42 +0100},
	Journal = {Mathematics of computation},
	Number = {158},
	Pages = {339--374},
	Title = {Upwind difference schemes for hyperbolic systems of conservation laws},
	Volume = {38},
	Year = {1982}}

@article{roe1981approximate,
	Author = {Roe, Philip L},
	Date-Added = {2019-09-16 15:12:51 +0100},
	Date-Modified = {2019-09-16 15:12:51 +0100},
	Journal = {Journal of computational physics},
	Number = {2},
	Pages = {357--372},
	Publisher = {Elsevier},
	Title = {Approximate Riemann solvers, parameter vectors, and difference schemes},
	Volume = {43},
	Year = {1981}}

@inproceedings{bourgeade1989asymptotic,
	Author = {Bourgeade, A and Le Floch, Ph and Raviart, PA},
	Booktitle = {Annales de l'Institut Henri Poincare (C) Non Linear Analysis},
	Date-Added = {2019-09-16 15:09:56 +0100},
	Date-Modified = {2019-09-16 15:09:56 +0100},
	Number = {6},
	Organization = {Elsevier},
	Pages = {437--480},
	Title = {An asymptotic expansion for the solution of the generalized Riemann problem. Part 2: Application to the equations of gas dynamics},
	Volume = {6},
	Year = {1989}}

@inproceedings{le1988asymptotic,
	Author = {Le Floch, Ph and Raviart, Pierre-Arnaud},
	Booktitle = {Annales de l'Institut Henri Poincare (C) Non Linear Analysis},
	Date-Added = {2019-09-16 15:08:08 +0100},
	Date-Modified = {2019-09-16 15:08:08 +0100},
	Number = {2},
	Organization = {Elsevier},
	Pages = {179--207},
	Title = {An asymptotic expansion for the solution of the generalized Riemann problem Part I: General theory},
	Volume = {5},
	Year = {1988}}

@article{lax1957hyperbolic,
	Author = {Lax, Peter D},
	Date-Added = {2019-09-16 15:05:40 +0100},
	Date-Modified = {2019-09-16 15:05:40 +0100},
	Journal = {Communications on pure and applied mathematics},
	Number = {4},
	Pages = {537--566},
	Publisher = {Wiley Online Library},
	Title = {Hyperbolic systems of conservation laws II},
	Volume = {10},
	Year = {1957}}

@article{van1979towards,
	Author = {Van Leer, Bram},
	Date-Added = {2019-09-16 14:58:49 +0100},
	Date-Modified = {2019-09-16 14:58:49 +0100},
	Journal = {Journal of computational Physics},
	Number = {1},
	Pages = {101--136},
	Publisher = {Elsevier},
	Title = {Towards the ultimate conservative difference scheme. V. A second-order sequel to Godunov's method},
	Volume = {32},
	Year = {1979}}

@article{harten1983high,
	Author = {Harten, Ami},
	Date-Added = {2019-09-16 14:54:22 +0100},
	Date-Modified = {2019-09-16 14:54:22 +0100},
	Journal = {Journal of computational physics},
	Number = {3},
	Pages = {357--393},
	Publisher = {Elsevier},
	Title = {High resolution schemes for hyperbolic conservation laws},
	Volume = {49},
	Year = {1983}}

@article{sanders1983convergence,
	Author = {Sanders, Richard},
	Date-Added = {2019-09-16 14:45:03 +0100},
	Date-Modified = {2019-09-16 14:45:03 +0100},
	Journal = {mathematics of computation},
	Number = {161},
	Pages = {91--106},
	Title = {On convergence of monotone finite difference schemes with variable spatial differencing},
	Volume = {40},
	Year = {1983}}

@article{harten1976finite,
	Author = {Harten, Amiram and Hyman, James M and Lax, Peter D and Keyfitz, Barbara},
	Date-Added = {2019-09-16 14:43:27 +0100},
	Date-Modified = {2019-09-16 14:43:27 +0100},
	Journal = {Communications on pure and applied mathematics},
	Number = {3},
	Pages = {297--322},
	Publisher = {Wiley Online Library},
	Title = {On finite-difference approximations and entropy conditions for shocks},
	Volume = {29},
	Year = {1976}}

@article{crandall1980some,
	Author = {Crandall, Michael G and Tartar, Luc},
	Date-Added = {2019-09-16 14:40:19 +0100},
	Date-Modified = {2019-09-16 14:40:19 +0100},
	Journal = {Proceedings of the American Mathematical Society},
	Number = {3},
	Pages = {385--390},
	Title = {Some relations between nonexpansive and order preserving mappings},
	Volume = {78},
	Year = {1980}}

@article{crandall1980monotone,
	Author = {Crandall, Michael G and Majda, Andrew},
	Date-Added = {2019-09-16 14:37:51 +0100},
	Date-Modified = {2019-09-16 14:37:51 +0100},
	Journal = {Mathematics of Computation},
	Number = {149},
	Pages = {1--21},
	Title = {Monotone difference approximations for scalar conservation laws},
	Volume = {34},
	Year = {1980}}

@article{mock1980systems,
	Author = {Mock, Michael S},
	Date-Added = {2019-09-16 12:46:11 +0100},
	Date-Modified = {2019-09-16 12:46:11 +0100},
	Journal = {Journal of Differential equations},
	Number = {1},
	Pages = {70--88},
	Publisher = {Elsevier},
	Title = {Systems of conservation laws of mixed type},
	Volume = {37},
	Year = {1980}}

@article{kruvzkov1970first,
	Author = {Kru{\v{z}}kov, Stanislav N},
	Date-Added = {2019-09-16 12:44:52 +0100},
	Date-Modified = {2019-09-16 12:44:52 +0100},
	Journal = {Mathematics of the USSR-Sbornik},
	Number = {2},
	Pages = {217},
	Publisher = {IOP Publishing},
	Title = {First order quasilinear equations in several independent variables},
	Volume = {10},
	Year = {1970}}

@article{priedrichs1971systems,
	Author = {Priedrichs, KO and Lax, PD},
	Date-Added = {2019-09-16 12:38:36 +0100},
	Date-Modified = {2019-09-16 12:38:36 +0100},
	Journal = {Proc. Nat. Acad. Sci., USA},
	Pages = {1686--1688},
	Title = {Systems of conservation laws with a convex ex-ten-ion},
	Volume = {68},
	Year = {1971}}

@article{diperna1983convergence,
	Author = {DiPerna, Ronald J},
	Date-Added = {2019-09-16 12:28:15 +0100},
	Date-Modified = {2019-09-16 12:28:15 +0100},
	Journal = {Communications in mathematical physics},
	Number = {1},
	Pages = {1--30},
	Publisher = {Springer},
	Title = {Convergence of the viscosity method for isentropic gas dynamics},
	Volume = {91},
	Year = {1983}}

@incollection{diperna1982convergence,
	Author = {DiPerna, Ronald J},
	Booktitle = {Transonic, Shock, and Multidimensional Flows},
	Date-Added = {2019-09-16 12:26:15 +0100},
	Date-Modified = {2019-09-16 12:26:15 +0100},
	Pages = {313--328},
	Publisher = {Elsevier},
	Title = {Convergence of approximate solutions to conservation laws},
	Year = {1982}}

@book{smoller2012shock,
	Author = {Smoller, Joel},
	Date-Added = {2019-09-16 12:15:23 +0100},
	Date-Modified = {2019-09-16 12:15:23 +0100},
	Publisher = {Springer Science \& Business Media},
	Title = {Shock waves and reaction---diffusion equations},
	Volume = {258},
	Year = {2012}}

@article{liu1976entropy,
	Author = {Liu, Tai-Ping},
	Date-Added = {2019-09-16 12:13:34 +0100},
	Date-Modified = {2019-09-16 12:13:34 +0100},
	Journal = {Journal of Mathematical Analysis and Applications},
	Number = {1},
	Pages = {78--88},
	Publisher = {Elsevier},
	Title = {The entropy condition and the admissibility of shocks},
	Volume = {53},
	Year = {1976}}

@book{godlewski1991hyperbolic,
	Author = {Godlewski, Edwige and Raviart, Pierre-Arnaud},
	Date-Added = {2019-09-16 12:05:38 +0100},
	Date-Modified = {2019-09-16 12:05:38 +0100},
	Publisher = {Ellipses},
	Title = {Hyperbolic systems of conservation laws},
	Year = {1991}}

@book{lax1973hyperbolic,
	Author = {Lax, Peter D},
	Date-Added = {2019-09-16 12:04:33 +0100},
	Date-Modified = {2019-09-16 12:04:33 +0100},
	Publisher = {SIAM},
	Title = {Hyperbolic systems of conservation laws and the mathematical theory of shock waves},
	Volume = {11},
	Year = {1973}}

@book{godlewski2013numerical,
	Author = {Godlewski, Edwige and Raviart, Pierre-Arnaud},
	Date-Added = {2019-09-16 12:03:18 +0100},
	Date-Modified = {2019-09-16 12:03:18 +0100},
	Publisher = {Springer Science \& Business Media},
	Title = {Numerical approximation of hyperbolic systems of conservation laws},
	Volume = {118},
	Year = {2013}}
