%% This BibTeX bibliography file was created using BibDesk.
%% http://bibdesk.sourceforge.net/


%% Created for Tristan Pryer at 2019-09-05 19:58:51 +0100 


%% Saved with string encoding Unicode (UTF-8) 



@article{collins2014posteriori,
	Author = {Collins, James B and Estep, Don and Tavener, Simon},
	Date-Added = {2019-09-05 19:58:50 +0100},
	Date-Modified = {2019-09-05 19:58:50 +0100},
	Journal = {Journal of Computational and Applied Mathematics},
	Pages = {299--311},
	Publisher = {Elsevier},
	Title = {A posteriori error estimation for the Lax--Wendroff finite difference scheme},
	Volume = {263},
	Year = {2014}}
